Ticker,Date,Close Price,Free Cash Flow,Repurchase Of Capital Stock,Repayment Of Debt,Issuance Of Debt,Capital Expenditure,End Cash Position,Beginning Cash Position,Effect Of Exchange Rate Changes,Changes In Cash,Financing Cash Flow,Net Other Financing Charges,Interest Paid Cff,Cash Dividends Paid,Common Stock Dividend Paid,Net Common Stock Issuance,Common Stock Payments,Net Issuance Payments Of Debt,Net Long Term Debt Issuance,Long Term Debt Payments,Long Term Debt Issuance,Investing Cash Flow,Net Investment Purchase And Sale,Purchase Of Investment,Net Business Purchase And Sale,Sale Of Business,Purchase Of Business,Net Intangibles Purchase And Sale,Purchase Of Intangibles,Net PPE Purchase And Sale,Purchase Of PPE,Operating Cash Flow,Taxes Refund Paid,Interest Received Cfo,Change In Working Capital,Change In Payable,Change In Prepaid Assets,Change In Inventory,Other Non Cash Items,Depreciation And Amortization,Amortization Cash Flow,Depreciation,Net Foreign Currency Exchange Gain Loss,Gain Loss On Sale Of PPE,Net Income From Continuing Operations,Treasury Shares Number,Ordinary Shares Number,Share Issued,Net Debt,Total Debt,Tangible Book Value,Invested Capital,Working Capital,Net Tangible Assets,Capital Lease Obligations,Common Stock Equity,Total Capitalization,Total Equity Gross Minority Interest,Minority Interest,Stockholders Equity,Other Equity Interest,Treasury Stock,Retained Earnings,Capital Stock,Common Stock,Total Liabilities Net Minority Interest,Total Non Current Liabilities Net Minority Interest,Tradeand Other Payables Non Current,Non Current Deferred Taxes Liabilities,Long Term Debt And Capital Lease Obligation,Long Term Capital Lease Obligation,Long Term Debt,Long Term Provisions,Current Liabilities,Other Current Liabilities,Current Debt And Capital Lease Obligation,Current Capital Lease Obligation,Current Debt,Pensionand Other Post Retirement Benefit Plans Current,Current Provisions,Payables,Other Payable,Total Tax Payable,Accounts Payable,Total Assets,Total Non Current Assets,Non Current Prepaid Assets,Non Current Deferred Taxes Assets,Other Investments,Investmentin Financial Assets,Available For Sale Securities,Long Term Equity Investment,Investmentsin Associatesat Cost,Goodwill And Other Intangible Assets,Other Intangible Assets,Goodwill,Net PPE,Accumulated Depreciation,Gross PPE,Construction In Progress,Other Properties,Machinery Furniture Equipment,Buildings And Improvements,Land And Improvements,Properties,Current Assets,Prepaid Assets,Inventory,Other Inventories,Finished Goods,Other Receivables,Taxes Receivable,Accounts Receivable,Allowance For Doubtful Accounts Receivable,Gross Accounts Receivable,Cash Cash Equivalents And Short Term Investments,Cash And Cash Equivalents,Tax Effect Of Unusual Items,Tax Rate For Calcs,Normalized EBITDA,Total Unusual Items,Total Unusual Items Excluding Goodwill,Net Income From Continuing Operation Net Minority Interest,Reconciled Depreciation,Reconciled Cost Of Revenue,EBITDA,EBIT,Net Interest Income,Interest Expense,Interest Income,Normalized Income,Net Income From Continuing And Discontinued Operation,Total Expenses,Diluted Average Shares,Basic Average Shares,Diluted EPS,Basic EPS,Diluted NI Availto Com Stockholders,Net Income Common Stockholders,Otherunder Preferred Stock Dividend,Net Income,Minority Interests,Net Income Including Noncontrolling Interests,Net Income Continuous Operations,Tax Provision,Pretax Income,Special Income Charges,Other Special Charges,Restructuring And Mergern Acquisition,Net Non Operating Interest Income Expense,Total Other Finance Cost,Interest Expense Non Operating,Interest Income Non Operating,Operating Income,Operating Expense,Other Operating Expenses,Depreciation And Amortization In Income Statement,Amortization,Depreciation Income Statement,Selling General And Administration,General And Administrative Expense,Gross Profit,Cost Of Revenue,Total Revenue,Operating Revenue,Issuance Of Capital Stock,Common Stock Issuance,Interest Received Cfi,Dividends Received Cfi,Sale Of Intangibles,Sale Of PPE,Deferred Tax,Gain Loss On Investment Securities,Other Non Current Liabilities,Non Current Pension And Other Postretirement Benefit Plans,Other Non Current Assets,Investmentsin Subsidiariesat Cost,Work In Process,Other Short Term Investments,Rent Expense Supplemental,Other Non Operating Income Expenses,Write Off,Impairment Of Capital Assets,Selling And Marketing Expense,Rent And Landing Fees,Sale Of Investment,Interest Paid Cfo,Change In Receivables,Stock Based Compensation,Provisionand Write Offof Assets,Pension And Employee Benefit Expense,Gain Loss On Sale Of Business,Additional Paid In Capital,Derivative Product Liabilities,Non Current Deferred Revenue,Defined Pension Benefit,Non Current Deferred Assets,Financial Assets,Financial Assets Designatedas Fair Value Through Profitor Loss Total,Investmentsin Joint Venturesat Cost,Hedging Assets Current,Current Deferred Assets,Restricted Cash,Raw Materials,Cash Equivalents,Cash Financial,Total Operating Income As Reported,Research And Development,Other Cash Adjustment Outside Changein Cash,Other Cash Adjustment Inside Changein Cash,Net Other Investing Changes,Capital Expenditure Reported,Dividend Received Cfo,Change In Other Current Assets,Held To Maturity Securities,Investment Properties,Other Current Assets,Assets Held For Sale Current,Net Income Discontinuous Operations,Change In Other Current Liabilities,Fixed Assets Revaluation Reserve,Non Current Accrued Expenses,Cash Flow From Continuing Financing Activities,Proceeds From Stock Option Exercised,Cash Flow From Continuing Investing Activities,Cash Flow From Continuing Operating Activities,Change In Other Working Capital,Change In Payables And Accrued Expense,Asset Impairment Charge,Depreciation Amortization Depletion,Amortization Of Intangibles,Operating Gains Losses,Gains Losses Not Affecting Retained Earnings,Other Equity Adjustments,Foreign Currency Translation Adjustments,Non Current Deferred Liabilities,Current Deferred Liabilities,Current Deferred Revenue,Payables And Accrued Expenses,Income Tax Payable,Non Current Accounts Receivable,Investments And Advances,Trading Securities,Leases,Inventories Adjustments Allowances,Receivables,Other Income Expense,Earnings From Equity Interest,Gain On Sale Of Security,Other Gand A,Net Short Term Debt Issuance,Short Term Debt Payments,Short Term Debt Issuance,Interest Paid Supplemental Data,Income Tax Paid Supplemental Data,Change In Accrued Expense,Change In Account Payable,Changes In Account Receivables,Deferred Income Tax,Preferred Stock,Employee Benefits,Other Current Borrowings,Current Accrued Expenses,Interest Payable,Change In Tax Payable,Change In Income Tax Payable,Dividends Payable,Gain On Sale Of Business,Salaries And Wages,Cash Cash Equivalents And Federal Funds Sold,Net Income Extraordinary,Insurance And Claims,Net Investment Properties Purchase And Sale,Sale Of Investment Properties,Purchase Of Investment Properties,Cash From Discontinued Financing Activities,Cash From Discontinued Investing Activities,Cash From Discontinued Operating Activities,Unrealized Gain Loss On Investment Securities,Earnings Losses From Equity Investments,Liabilities Heldfor Sale Non Current,Receivables Adjustments Allowances,Gain On Sale Of Ppe,Minimum Pension Liabilities,Earnings From Equity Interest Net Of Tax,Depreciation Amortization Depletion Income Statement,Amortization Of Intangibles Income Statement,Non Current Note Receivables,Line Of Credit,Commercial Paper,Current Notes Payable,Unrealized Gain Loss,Dueto Related Parties Current,Duefrom Related Parties Current,Preferred Stock Dividends
MATAS.CO,2024-03-31,115.08,239000000.0,-21000000.0,-189000000.0,1121000000.0,-406000000.0,131000000.0,37000000.0,4000000.0,90000000.0,466000000.0,4000000.0,-84000000.0,-76000000.0,-76000000.0,-21000000.0,-21000000.0,932000000.0,932000000.0,-189000000.0,1121000000.0,-1021000000.0,,,-615000000.0,2000000.0,-617000000.0,-155000000.0,-155000000.0,-251000000.0,-251000000.0,645000000.0,-83000000.0,,-187000000.0,178000000.0,-31000000.0,-334000000.0,146000000.0,525000000.0,169000000.0,356000000.0,-3000000.0,0.0,248000000.0,382981.0,37908511.0,38291492.0,1931000000.0,3272000000.0,-1209000000.0,5523000000.0,111000000.0,-1209000000.0,1210000000.0,3461000000.0,5468000000.0,3462000000.0,1000000.0,3461000000.0,,43000000.0,3315000000.0,96000000.0,96000000.0,5206000000.0,3117000000.0,5000000.0,227000000.0,2857000000.0,850000000.0,2007000000.0,28000000.0,2089000000.0,,415000000.0,360000000.0,55000000.0,122000000.0,19000000.0,1312000000.0,186000000.0,56000000.0,1070000000.0,8668000000.0,6468000000.0,47000000.0,17000000.0,,1000000.0,1000000.0,1000000.0,1000000.0,4670000000.0,574000000.0,4096000000.0,1732000000.0,-638000000.0,2370000000.0,170000000.0,993000000.0,434000000.0,601000000.0,172000000.0,0.0,2200000000.0,74000000.0,1864000000.0,,1864000000.0,38000000.0,17000000.0,76000000.0,0.0,76000000.0,131000000.0,131000000.0,-32538000.0,0.319,1012000000.0,-102000000.0,-102000000.0,169000000.0,525000000.0,3623000000.0,910000000.0,385000000.0,-135000000.0,137000000.0,4000000.0,238462000.0,169000000.0,6220000000.0,38194777.0,38010154.0,4.43,4.45,169000000.0,169000000.0,0.0,169000000.0,0.0,169000000.0,169000000.0,79000000.0,248000000.0,-102000000.0,49000000.0,53000000.0,-135000000.0,2000000.0,137000000.0,4000000.0,481000000.0,2597000000.0,792000000.0,525000000.0,169000000.0,356000000.0,,,3078000000.0,3623000000.0,6701000000.0,6701000000.0,,,,,,,,,,,,,,,,,,,,,,,,,,,,,,,,,,,,,,,,,,,,,,,,,,,,,,,,,,,,,,,,,,,,,,,,,,,,,,,,,,,,,,,,,,,,,,,,,,,,,,,,,,,,,,,,,,,,,,,,,,,,,,,,,,
MATAS.CO,2023-03-31,81.01,424000000.0,0.0,-126000000.0,0.0,-254000000.0,37000000.0,28000000.0,0.0,9000000.0,-413000000.0,1000000.0,-40000000.0,-76000000.0,-76000000.0,0.0,0.0,-126000000.0,-126000000.0,-126000000.0,0.0,-256000000.0,,,-2000000.0,0.0,-2000000.0,-162000000.0,-162000000.0,-92000000.0,-92000000.0,678000000.0,-64000000.0,500000.0,-70000000.0,-8000000.0,-43000000.0,-19000000.0,53000000.0,375000000.0,123000000.0,252000000.0,0.0,6000000.0,373000000.0,358423.0,37933069.0,38291492.0,991000000.0,1679000000.0,-931000000.0,4390000000.0,-218000000.0,-931000000.0,651000000.0,3362000000.0,4280000000.0,3363000000.0,1000000.0,3362000000.0,,44000000.0,3234000000.0,96000000.0,96000000.0,2917000000.0,1620000000.0,13000000.0,199000000.0,1380000000.0,462000000.0,918000000.0,28000000.0,1297000000.0,,299000000.0,189000000.0,110000000.0,65000000.0,2000000.0,770000000.0,95000000.0,41000000.0,634000000.0,6280000000.0,5201000000.0,44000000.0,0.0,,1000000.0,1000000.0,1000000.0,1000000.0,4293000000.0,294000000.0,3999000000.0,862000000.0,-564000000.0,1426000000.0,60000000.0,577000000.0,368000000.0,278000000.0,143000000.0,0.0,1079000000.0,41000000.0,912000000.0,,912000000.0,25000000.0,20000000.0,44000000.0,-1000000.0,45000000.0,37000000.0,37000000.0,-2717000.0,0.247,803000000.0,-11000000.0,-11000000.0,281000000.0,375000000.0,2413000000.0,792000000.0,417000000.0,-45000000.0,44000000.0,0.0,289283000.0,281000000.0,4055000000.0,38067083.0,37881641.0,7.37,7.41,281000000.0,281000000.0,0.0,281000000.0,0.0,281000000.0,281000000.0,92000000.0,373000000.0,-11000000.0,11000000.0,0.0,-45000000.0,1000000.0,44000000.0,0.0,434000000.0,1642000000.0,445000000.0,375000000.0,123000000.0,252000000.0,,,2076000000.0,2413000000.0,4489000000.0,4489000000.0,,,,,,,,,,,,,,,,,,,,,,,,,,,,,,,,,,,,,,,,,,,,,,,,,,,,,,,,,,,,,,,,,,,,,,,,,,,,,,,,,,,,,,,,,,,,,,,,,,,,,,,,,,,,,,,,,,,,,,,,,,,,,,,,,,
MATAS.CO,2022-03-31,90.32,327100000.0,-75100000.0,-708400000.0,763500000.0,-183400000.0,28200000.0,40700000.0,,-12500000.0,-291400000.0,,-27100000.0,-76600000.0,-76600000.0,-75100000.0,-75100000.0,55100000.0,55100000.0,-708400000.0,763500000.0,-231600000.0,0.0,0.0,-48200000.0,400000.0,-48600000.0,-132900000.0,-132900000.0,-50500000.0,-50500000.0,510500000.0,-109200000.0,5200000.0,-181600000.0,-150500000.0,-7700000.0,-23400000.0,19100000.0,421300000.0,421300000.0,421300000.0,,,351100000.0,626585.0,37664907.0,38291492.0,1125800000.0,1677000000.0,-1096400000.0,4305800000.0,-275900000.0,-1096400000.0,523000000.0,3151800000.0,4147900000.0,3152300000.0,500000.0,3151800000.0,,76000000.0,3055200000.0,95700000.0,95700000.0,2903000000.0,1598100000.0,37700000.0,192800000.0,1339600000.0,343500000.0,996100000.0,28000000.0,1304900000.0,50700000.0,337400000.0,179500000.0,157900000.0,66900000.0,,746100000.0,50800000.0,32400000.0,662900000.0,6055300000.0,5026300000.0,46800000.0,,,600000.0,600000.0,7300000.0,7300000.0,4248200000.0,254600000.0,3993600000.0,723400000.0,-506300000.0,1229700000.0,9600000.0,440100000.0,351400000.0,292300000.0,136300000.0,0.0,1029000000.0,31500000.0,890100000.0,,890100000.0,7100000.0,45500000.0,26600000.0,,,28200000.0,28200000.0,-1081200.0,0.212,810500000.0,-5100000.0,-5100000.0,276500000.0,421300000.0,2378200000.0,805400000.0,384100000.0,-32600000.0,33000000.0,5100000.0,280518800.0,276500000.0,3950800000.0,38416478.0,38016401.0,7.2,7.27,276500000.0,276500000.0,0.0,276500000.0,0.0,276500000.0,276500000.0,74600000.0,351100000.0,-5100000.0,5100000.0,,-32600000.0,4700000.0,33000000.0,5100000.0,393400000.0,1572600000.0,332300000.0,416200000.0,170100000.0,246100000.0,332300000.0,332300000.0,1966000000.0,2378200000.0,4344200000.0,4344200000.0,,,,,,,,,,,,,,,,,,,,,,,,,,,,,,,,,,,,,,,,,,,,,,,,,,,,,,,,,,,,,,,,,,,,,,,,,,,,,,,,,,,,,,,,,,,,,,,,,,,,,,,,,,,,,,,,,,,,,,,,,,,,,,,,,,
MATAS.CO,2021-03-31,76.55,803600000.0,0.0,-725000000.0,0.0,-148400000.0,40700000.0,106600000.0,,-65900000.0,-840000000.0,93700000.0,-39900000.0,,0.0,0.0,0.0,-725000000.0,-725000000.0,-725000000.0,0.0,-177900000.0,-5500000.0,-5500000.0,-24000000.0,0.0,-24000000.0,-97900000.0,-97900000.0,-50500000.0,-50500000.0,952000000.0,-84000000.0,17400000.0,225400000.0,116200000.0,13400000.0,95800000.0,32900000.0,407600000.0,407600000.0,407600000.0,,,353400000.0,22943.0,38268549.0,38291492.0,1057600000.0,1767900000.0,-1165600000.0,4137200000.0,-1338400000.0,-1165600000.0,669600000.0,3038900000.0,3038900000.0,3038900000.0,0.0,3038900000.0,76600000.0,2600000.0,2870200000.0,95700000.0,95700000.0,3104200000.0,781600000.0,59200000.0,199200000.0,495500000.0,495500000.0,0.0,27700000.0,2322600000.0,75200000.0,1272400000.0,174100000.0,1098300000.0,56700000.0,,834900000.0,103900000.0,38600000.0,692400000.0,6143100000.0,5158900000.0,44100000.0,,600000.0,600000.0,600000.0,12400000.0,12400000.0,4204500000.0,273900000.0,3930600000.0,897300000.0,-437700000.0,1335000000.0,,598400000.0,322900000.0,278800000.0,134900000.0,0.0,984200000.0,37600000.0,866700000.0,12100000.0,854600000.0,4600000.0,19400000.0,15200000.0,,,40700000.0,40700000.0,-979900.0,0.239,806700000.0,-4100000.0,-4100000.0,269000000.0,407600000.0,2322400000.0,802600000.0,395000000.0,-27700000.0,41600000.0,17300000.0,272120100.0,269000000.0,3779100000.0,38637525.0,38252608.0,6.96,7.04,269000000.0,269000000.0,0.0,269000000.0,,269000000.0,269000000.0,84400000.0,353400000.0,-4100000.0,4100000.0,,-27700000.0,3400000.0,41600000.0,17300000.0,384500000.0,1456700000.0,301300000.0,403500000.0,150300000.0,253200000.0,301300000.0,301300000.0,1841200000.0,2322400000.0,4163600000.0,4163600000.0,,,,,,,,,,,,,,,,,,,,,,,,,,,,,,,,,,,,,,,,,,,,,,,,,,,,,,,,,,,,,,,,,,,,,,,,,,,,,,,,,,,,,,,,,,,,,,,,,,,,,,,,,,,,,,,,,,,,,,,,,,,,,,,,,,
TRIFOR.CO,2024-12-31,74.5,11377000.0,-1016000.0,-10991000.0,23540000.0,-6955000.0,28214000.0,32794000.0,-21000.0,-4559000.0,-9661000.0,-5024000.0,-5873000.0,-1954000.0,,-641000.0,-1016000.0,12549000.0,12549000.0,-10991000.0,23540000.0,-13230000.0,,,-8805000.0,0.0,-8805000.0,-3523000.0,-3523000.0,-1910000.0,-3432000.0,18332000.0,-5383000.0,,-2041000.0,,,,6599000.0,16459000.0,5051000.0,11408000.0,,,17861000.0,312383.0,19432516.0,19744899.0,71719000.0,149552000.0,42077000.0,233723000.0,-9488000.0,42077000.0,49619000.0,133790000.0,175864000.0,134824000.0,1034000.0,133790000.0,,5957000.0,135143000.0,1663000.0,1663000.0,199484000.0,92250000.0,1792000.0,5097000.0,83546000.0,41472000.0,42074000.0,,107234000.0,9144000.0,66006000.0,8147000.0,57859000.0,,,17846000.0,,1492000.0,16354000.0,334308000.0,236562000.0,,286000.0,,4247000.0,4247000.0,83185000.0,5532000.0,91713000.0,29735000.0,61978000.0,57131000.0,-16523000.0,73654000.0,,6324000.0,21542000.0,45788000.0,,0.0,97746000.0,6361000.0,156000.0,,,6556000.0,1695000.0,48187000.0,-405000.0,48592000.0,34791000.0,28214000.0,658366.0,0.053,28866000.0,12422000.0,12422000.0,16578000.0,16459000.0,147249000.0,41288000.0,24829000.0,-5694000.0,5977000.0,283000.0,4814366.0,16578000.0,198027000.0,,,,,16578000.0,16578000.0,0.0,16578000.0,-1283000.0,17861000.0,17861000.0,991000.0,18852000.0,-116000.0,,-194000.0,-5694000.0,,5977000.0,283000.0,7921000.0,50778000.0,4376000.0,16459000.0,5051000.0,11408000.0,20573000.0,17050000.0,58699000.0,147249000.0,205948000.0,205948000.0,375000.0,375000.0,127000.0,1004000.0,,1522000.0,991000.0,-12537000.0,63000.0,1752000.0,,77653000.0,156000.0,6577000.0,,277000.0,310000.0,,3523000.0,,,,,,,,,,,,,,,,,,,,,,,,,,,,,,,,,,,,,,,,,,,,,,,,,,,,,,,,,,,,,,,,,,,,,,,,,,,,,,,,,,,,,,,,,,,,,,,,,,,,,,,,,,,,,,,
TRIFOR.CO,2023-12-31,104.91,18149000.0,-5288000.0,-7325000.0,40738000.0,-8782000.0,32794000.0,30652000.0,437000.0,1705000.0,-4741000.0,-17601000.0,-3524000.0,-2723000.0,,-5288000.0,-5288000.0,33413000.0,33413000.0,-7325000.0,40738000.0,-20485000.0,,,-10634000.0,855000.0,-11489000.0,-3766000.0,-3766000.0,-4816000.0,-5016000.0,26931000.0,-5637000.0,,-1035000.0,,,,5262000.0,13470000.0,3822000.0,9648000.0,,,17388000.0,302544.0,19442355.0,19744899.0,54328000.0,136502000.0,36557000.0,207910000.0,-4910000.0,36557000.0,49380000.0,120788000.0,161416000.0,121685000.0,897000.0,120788000.0,,6118000.0,121598000.0,1663000.0,1663000.0,182578000.0,91615000.0,1743000.0,5271000.0,83099000.0,42471000.0,40628000.0,,90963000.0,10652000.0,53403000.0,6909000.0,46494000.0,,,12935000.0,,4494000.0,8441000.0,304263000.0,218210000.0,,411000.0,,3989000.0,3989000.0,71891000.0,2218000.0,84231000.0,28912000.0,55319000.0,57688000.0,-14579000.0,72267000.0,0.0,6960000.0,19869000.0,45438000.0,,0.0,86053000.0,4047000.0,142000.0,,,4330000.0,881000.0,43859000.0,-379000.0,44238000.0,32794000.0,32794000.0,934048.0,0.202,34230000.0,4624000.0,4624000.0,14639000.0,13470000.0,143651000.0,38854000.0,25384000.0,-3301000.0,3588000.0,287000.0,10949048.0,14639000.0,188400000.0,19685269.0,19584367.0,0.74,0.75,14639000.0,14639000.0,0.0,14639000.0,-2749000.0,17388000.0,17388000.0,4408000.0,21796000.0,-71000.0,,-67000.0,-3301000.0,,3588000.0,287000.0,19500000.0,44749000.0,3815000.0,13470000.0,3822000.0,9648000.0,19467000.0,15007000.0,64249000.0,143651000.0,207900000.0,207900000.0,,,184000.0,326000.0,,200000.0,4408000.0,-4695000.0,53000.0,1449000.0,,69673000.0,142000.0,,77000.0,202000.0,138000.0,0.0,4460000.0,77000.0,,,,,,,,,,,,,,,,,,,,,,,,,,,,,,,,,,,,,,,,,,,,,,,,,,,,,,,,,,,,,,,,,,,,,,,,,,,,,,,,,,,,,,,,,,,,,,,,,,,,,,,,,,,,,,
TRIFOR.CO,2022-12-31,143.75,16096000.0,-843000.0,-11937000.0,11566000.0,-5998000.0,30652000.0,44628000.0,-5000.0,-13971000.0,-26862000.0,-7481000.0,-1392000.0,-7624000.0,,-843000.0,-843000.0,-371000.0,-371000.0,-11937000.0,11566000.0,-9203000.0,,,-7138000.0,3279000.0,-10417000.0,-1274000.0,-1274000.0,-1043000.0,-4724000.0,22094000.0,-2869000.0,,-6028000.0,,,,2805000.0,12029000.0,3933000.0,8096000.0,,,18100000.0,65009.0,19679890.0,19744899.0,35963000.0,100867000.0,40791000.0,181244000.0,-17131000.0,40791000.0,34252000.0,114629000.0,123968000.0,115409000.0,780000.0,114629000.0,,1635000.0,112000000.0,1663000.0,1663000.0,133865000.0,44849000.0,1686000.0,4978000.0,37718000.0,28379000.0,9339000.0,,89016000.0,6704000.0,63149000.0,5873000.0,57276000.0,,,9722000.0,,4178000.0,5544000.0,249274000.0,177389000.0,,194000.0,,2125000.0,2125000.0,60317000.0,5000.0,73838000.0,24955000.0,48883000.0,40915000.0,-14991000.0,55906000.0,0.0,7306000.0,19190000.0,29410000.0,,0.0,71885000.0,2752000.0,939000.0,,,2101000.0,,35441000.0,-228000.0,35669000.0,30652000.0,30652000.0,1130880.0,0.186,29588000.0,6080000.0,6080000.0,15211000.0,12029000.0,127595000.0,35668000.0,23639000.0,-1281000.0,1393000.0,112000.0,10261880.0,15211000.0,167703000.0,19731502.0,19689118.0,0.77,0.77,15211000.0,15211000.0,0.0,15211000.0,-2889000.0,18100000.0,18100000.0,4146000.0,22246000.0,-74000.0,,-501000.0,-1281000.0,-501000.0,1393000.0,112000.0,17233000.0,40108000.0,2986000.0,12029000.0,3933000.0,8096000.0,17855000.0,13532000.0,57341000.0,127595000.0,184936000.0,184936000.0,0.0,0.0,28000.0,311000.0,0.0,3681000.0,4146000.0,-6154000.0,29000.0,438000.0,,60312000.0,939000.0,,49000.0,1181000.0,502000.0,73000.0,4323000.0,49000.0,,,,,,,,,,,,,,,,,,,,,,,,,,,,,,,,,,,,,,,,,,,,,,,,,,,,,,,,,,,,,,,,,,,,,,,,,,,,,,,,,,,,,,,,,,,,,,,,,,,,,,,,,,,,,,
TRIFOR.CO,2021-12-31,302.42,2073000.0,-727000.0,-32012000.0,4925000.0,-5702000.0,44628000.0,17957000.0,1647000.0,25024000.0,-32406000.0,-2481000.0,-1549000.0,-13018000.0,,18274000.0,-727000.0,-27087000.0,-27087000.0,-32012000.0,4925000.0,49655000.0,,,53328000.0,60819000.0,-7491000.0,-606000.0,-756000.0,-4696000.0,-4946000.0,7775000.0,-4654000.0,,-9607000.0,,,,-17964000.0,11672000.0,4024000.0,7648000.0,,,32696000.0,45019.0,19699880.0,19744899.0,,,33510000.0,109798000.0,20005000.0,33510000.0,,109798000.0,109798000.0,110736000.0,938000.0,109798000.0,,994000.0,107696000.0,1663000.0,1663000.0,134928000.0,68339000.0,1643000.0,5264000.0,,,,,66589000.0,9128000.0,,,,,,9584000.0,,2322000.0,7262000.0,245664000.0,159070000.0,,193000.0,,2897000.0,2897000.0,47280000.0,21000.0,76288000.0,27561000.0,48727000.0,32412000.0,-12334000.0,44746000.0,1322000.0,2640000.0,16446000.0,24338000.0,,0.0,86594000.0,2415000.0,434000.0,,,2708000.0,,36066000.0,-667000.0,36733000.0,44971000.0,44628000.0,280584.0,0.108,47275000.0,2598000.0,2598000.0,29349000.0,11672000.0,110628000.0,49873000.0,38201000.0,-1413000.0,1545000.0,132000.0,27031584.0,29349000.0,121447000.0,19304898.0,19284106.0,1.52,1.52,29349000.0,29349000.0,0.0,29349000.0,-3347000.0,32696000.0,32696000.0,3960000.0,36656000.0,-2424000.0,1847000.0,-9000.0,-1413000.0,-9000.0,1545000.0,132000.0,37078000.0,10819000.0,2377000.0,11672000.0,4024000.0,7648000.0,13325000.0,10186000.0,47897000.0,110628000.0,158525000.0,158525000.0,19001000.0,19001000.0,131000.0,795000.0,150000.0,250000.0,3960000.0,-5022000.0,12000.0,1015000.0,,47259000.0,434000.0,343000.0,32000.0,473000.0,489000.0,97000.0,3139000.0,32000.0,,,,,,,,,,,,,,,,,,,,,,,,,,,,,,,,,,,,,,,,,,,,,,,,,,,,,,,,,,,,,,,,,,,,,,,,,,,,,,,,,,,,,,,,,,,,,,,,,,,,,,,,,,,,,,
TRIFOR.CO,2020-12-31,,,,,,,,,,,,,,,,,,,,,,,,,,,,,,,,,,,,,,,,,,,,,,,,,,,,,,,,,,,,,,,,,,,,,,,,,,,,,,,,,,,,,,,,,,,,,,,,,,,,0.0,,,,,,,,,,,,,,,,,,,,,,,,,,,,,,,,,,19744899.0,19744899.0,2.33,2.33,,,,,,,,,,,852000.0,,,1515000.0,,,,,,,,,,,,,,,5477000.0,5477000.0,,,0.0,,,,,,1521000.0,,,56446000.0,20000.0,,,753000.0,,20000.0,,,,,,,,,,,,,,,,,,,,,,,,,,,,,,,,,,,,,,,,,,,,,,,,,,,,,,,,,,,,,,,,,,,,,,,,,,,,,,,,,,,,,,,,,,,,,,,,,,,,,,,,,,,,,,
QQ.L,2024-03-31,365.13,146800000.0,-17100000.0,0.0,0.0,-96300000.0,231000000.0,151200000.0,-1000000.0,80800000.0,-63200000.0,6800000.0,,-45600000.0,-45600000.0,-17100000.0,-17100000.0,0.0,0.0,0.0,0.0,-99100000.0,,,-5100000.0,0.0,-5100000.0,-10900000.0,-10900000.0,-83100000.0,-85400000.0,243100000.0,-36900000.0,5300000.0,9800000.0,41200000.0,,-21400000.0,9800000.0,90700000.0,32600000.0,58100000.0,,-1200000.0,139600000.0,869661.0,573526230.0,574395891.0,105300000.0,391800000.0,202900000.0,1262400000.0,103200000.0,202900000.0,55500000.0,926100000.0,1262400000.0,926100000.0,0.0,926100000.0,,,742300000.0,5700000.0,5700000.0,1180100000.0,494300000.0,1400000.0,94400000.0,383700000.0,47400000.0,336300000.0,4200000.0,685800000.0,,8100000.0,8100000.0,,,15300000.0,232900000.0,,57000000.0,175900000.0,2106200000.0,1317200000.0,,36700000.0,,,,2200000.0,,723200000.0,321800000.0,401400000.0,531800000.0,-547700000.0,1079500000.0,142300000.0,3400000.0,465700000.0,,,468100000.0,789000000.0,47600000.0,89200000.0,,36500000.0,229700000.0,5800000.0,179500000.0,-1700000.0,181200000.0,231000000.0,231000000.0,-4832300.0,0.253,312000000.0,-19100000.0,-19100000.0,139600000.0,90700000.0,,292900000.0,202200000.0,-15400000.0,19500000.0,5300000.0,153867700.0,139600000.0,1735000000.0,585700000.0,577000000.0,0.238,0.242,139600000.0,139600000.0,0.0,139600000.0,,139600000.0,139600000.0,43100000.0,182700000.0,-19100000.0,9200000.0,9200000.0,-15400000.0,1200000.0,19500000.0,5300000.0,177100000.0,1735000000.0,1644300000.0,90700000.0,32600000.0,58100000.0,,,,,1912100000.0,1912100000.0,,,,,,2300000.0,43100000.0,,,,,,6500000.0,,,39300000.0,,700000.0,,,,-19400000.0,-10000000.0,9400000.0,-5100000.0,-1900000.0,0.0,188400000.0,400000.0,10200000.0,18400000.0,1100000.0,3800000.0,,2200000.0,5200000.0,1000000.0,,46200000.0,121500000.0,109500000.0,192500000.0,,,,,,,,,,,,,,,,,,,,,,,,,,,,,,,,,,,,,,,,,,,,,,,,,,,,,,,,,,,,,,,,,,,,,,,,,,,,,,,,,,,,,,,,
QQ.L,2023-03-31,324.66,97000000.0,-800000.0,-257900000.0,481100000.0,-109000000.0,151200000.0,248100000.0,1800000.0,-98700000.0,159700000.0,-10000000.0,,-42600000.0,-42600000.0,-800000.0,-800000.0,223200000.0,223200000.0,-257900000.0,481100000.0,-464400000.0,,,-357800000.0,28100000.0,-385900000.0,-13800000.0,-13800000.0,-92800000.0,-95200000.0,206000000.0,-30200000.0,5500000.0,-7700000.0,58600000.0,,-9600000.0,-3300000.0,74600000.0,23100000.0,51500000.0,,-1800000.0,154400000.0,2341325.0,576415796.0,578757121.0,186400000.0,368900000.0,216300000.0,1305900000.0,74600000.0,216300000.0,31300000.0,968300000.0,1305900000.0,968300000.0,0.0,968300000.0,,,772000000.0,5800000.0,5800000.0,1103800000.0,496100000.0,1200000.0,112000000.0,361300000.0,23700000.0,337600000.0,7100000.0,607700000.0,,7600000.0,7600000.0,,,19700000.0,196200000.0,,60300000.0,135900000.0,2072100000.0,1389800000.0,,32600000.0,,0.0,,1400000.0,0.0,752000000.0,343000000.0,409000000.0,477800000.0,-512600000.0,990400000.0,115500000.0,6500000.0,434000000.0,,,434400000.0,682300000.0,36300000.0,68800000.0,,23500000.0,201300000.0,4000000.0,215000000.0,-1600000.0,216600000.0,151200000.0,151200000.0,3472600.0,0.194,261300000.0,17900000.0,17900000.0,154400000.0,74600000.0,,279200000.0,204600000.0,-6600000.0,12600000.0,6800000.0,139972600.0,154400000.0,1428000000.0,582300000.0,575900000.0,0.265,0.268,154400000.0,154400000.0,0.0,154400000.0,0.0,154400000.0,154400000.0,37600000.0,192000000.0,17900000.0,-41600000.0,23700000.0,-6600000.0,800000.0,12600000.0,6800000.0,152700000.0,1428000000.0,1353400000.0,74600000.0,23100000.0,51500000.0,,,,,1580700000.0,1580700000.0,,,,0.0,,2400000.0,37600000.0,,,,,,9100000.0,,,27200000.0,,,,,,-9900000.0,-56700000.0,6100000.0,-1000000.0,-1600000.0,-15900000.0,188400000.0,500000.0,14000000.0,119800000.0,1500000.0,4700000.0,0.0,1400000.0,4400000.0,1300000.0,,36200000.0,62100000.0,89100000.0,172800000.0,-17400000.0,,,,,,,,,,,,,,,,,,,,,,,,,,,,,,,,,,,,,,,,,,,,,,,,,,,,,,,,,,,,,,,,,,,,,,,,,,,,,,,,,,,,,,,
QQ.L,2022-03-31,304.21,104400000.0,-800000.0,0.0,0.0,-84300000.0,248100000.0,190100000.0,1300000.0,56700000.0,-50400000.0,-3200000.0,,-40200000.0,-40200000.0,-800000.0,-800000.0,0.0,0.0,0.0,0.0,-81600000.0,0.0,,-800000.0,0.0,-800000.0,-21400000.0,-21400000.0,-61400000.0,-62900000.0,188700000.0,-25400000.0,500000.0,22000000.0,33600000.0,,1400000.0,-3700000.0,62300000.0,16100000.0,46200000.0,,-700000.0,90000000.0,4912585.0,573844536.0,578757121.0,,22100000.0,751500000.0,1041200000.0,169600000.0,751500000.0,22100000.0,1041200000.0,1041200000.0,1041400000.0,200000.0,1041200000.0,,,845000000.0,5800000.0,5800000.0,727300000.0,218700000.0,23600000.0,156700000.0,16600000.0,16600000.0,0.0,6000000.0,508600000.0,,5500000.0,5500000.0,,,21100000.0,146600000.0,,70500000.0,76100000.0,1768700000.0,1090500000.0,,21000000.0,,0.0,,2600000.0,1700000.0,289700000.0,140300000.0,149400000.0,414500000.0,-481400000.0,895900000.0,94500000.0,16600000.0,377700000.0,,,407100000.0,678200000.0,34200000.0,54900000.0,,16200000.0,184600000.0,1400000.0,154400000.0,-2700000.0,157100000.0,248100000.0,248100000.0,-2536500.0,0.285,200300000.0,-8900000.0,-8900000.0,90000000.0,62300000.0,,191400000.0,127400000.0,3100000.0,1500000.0,5000000.0,96363500.0,90000000.0,1204700000.0,579600000.0,573200000.0,0.155,0.157,90000000.0,90000000.0,0.0,90000000.0,0.0,90000000.0,90000000.0,35900000.0,125900000.0,-8900000.0,4500000.0,4400000.0,3100000.0,400000.0,1500000.0,5000000.0,115700000.0,1204700000.0,1140700000.0,64000000.0,16100000.0,47900000.0,,,,,1320400000.0,1320400000.0,,,,2000000.0,,1500000.0,35900000.0,,,,,,6200000.0,,,15700000.0,,1700000.0,,,0.0,-1500000.0,-13000000.0,7400000.0,-1000000.0,600000.0,900000.0,188400000.0,600000.0,15200000.0,362200000.0,500000.0,0.0,0.0,900000.0,200000.0,400000.0,200000.0,32500000.0,182400000.0,65700000.0,123700000.0,-6200000.0,,,,,,,,,,,,,,,,,,,,,,,,,,,,,,,,,,,,,,,,,,,,,,,,,,,,,,,,,,,,,,,,,,,,,,,,,,,,,,,,,,,,,,,
QQ.L,2021-03-31,315.73,102100000.0,-9000000.0,,,-75900000.0,190100000.0,105800000.0,11500000.0,72800000.0,-55600000.0,,,-37700000.0,,-9000000.0,-9000000.0,,,,,-49600000.0,300000.0,,25900000.0,54400000.0,-28500000.0,-10900000.0,-10900000.0,-64900000.0,-65000000.0,178000000.0,-15000000.0,300000.0,-12700000.0,89200000.0,,-4600000.0,-3400000.0,61200000.0,15600000.0,45600000.0,,900000.0,121900000.0,,574257121.0,574257121.0,,20700000.0,604000000.0,903300000.0,145400000.0,604000000.0,26700000.0,882600000.0,903300000.0,882900000.0,300000.0,882600000.0,,,691800000.0,5700000.0,5700000.0,609400000.0,170200000.0,52000000.0,89700000.0,20700000.0,19800000.0,20700000.0,7800000.0,439200000.0,,6900000.0,6900000.0,,,4200000.0,428000000.0,,3700000.0,424300000.0,1492300000.0,907700000.0,,11700000.0,,1700000.0,800000.0,4200000.0,3200000.0,278600000.0,133100000.0,145500000.0,397200000.0,-436400000.0,833600000.0,76900000.0,16900000.0,348100000.0,,,408600000.0,584600000.0,37300000.0,54400000.0,,12800000.0,168900000.0,700000.0,338500000.0,-3600000.0,124100000.0,191000000.0,190100000.0,-507500.0,0.145,183700000.0,21900000.0,-3500000.0,121700000.0,61200000.0,,205600000.0,144400000.0,5200000.0,1800000.0,7400000.0,150092500.0,121700000.0,1147200000.0,575800000.0,569700000.0,0.216,0.219,121700000.0,121700000.0,0.0,121700000.0,-200000.0,121900000.0,121900000.0,21100000.0,142600000.0,-3800000.0,-24900000.0,2800000.0,5200000.0,400000.0,1800000.0,7400000.0,131000000.0,1147200000.0,1086000000.0,61200000.0,15600000.0,45600000.0,,,,,1278200000.0,1278200000.0,,,,0.0,,100000.0,20700000.0,-300000.0,,,,,5600000.0,900000.0,,9200000.0,,500000.0,,,300000.0,-1700000.0,-97300000.0,10600000.0,300000.0,-1600000.0,-28400000.0,188400000.0,900000.0,36300000.0,214300000.0,800000.0,0.0,900000.0,1000000.0,500000.0,400000.0,5600000.0,36000000.0,133100000.0,57000000.0,108700000.0,,,,,,,,,,,,,,,,,,,,,,,,,,,,,,,,,,,,,,,,,,,,,,,,,,,,,,,,,,,,,,,,,,,,,,,,,,,,,,,,,,,,,,,,
RNMBY,2024-12-31,126.55,988000000.0,,-773000000.0,793000000.0,-732000000.0,1184000000.0,873000000.0,-2000000.0,314000000.0,-234000000.0,-6000000.0,,-248000000.0,,,,20000000.0,20000000.0,-773000000.0,793000000.0,-1172000000.0,0.0,,-484000000.0,24000000.0,-508000000.0,,,-722000000.0,-732000000.0,1720000000.0,,,434000000.0,,,,-42000000.0,403000000.0,149000000.0,254000000.0,,,808000000.0,121504.0,43437346.0,43558850.0,912000000.0,2423000000.0,1248000000.0,6146000000.0,1449000000.0,1248000000.0,327000000.0,4050000000.0,5647000000.0,4464000000.0,414000000.0,4050000000.0,-1000000.0,4000000.0,3247000000.0,112000000.0,112000000.0,9880000000.0,3098000000.0,2000000.0,356000000.0,1871000000.0,274000000.0,1597000000.0,285000000.0,6782000000.0,112000000.0,552000000.0,53000000.0,499000000.0,0.0,807000000.0,1369000000.0,,218000000.0,1151000000.0,14344000000.0,6112000000.0,26000000.0,172000000.0,,69000000.0,50000000.0,346000000.0,,2802000000.0,1376000000.0,1426000000.0,2188000000.0,-3524000000.0,5712000000.0,539000000.0,34000000.0,3327000000.0,458000000.0,1354000000.0,0.0,8231000000.0,516000000.0,3528000000.0,,384000000.0,707000000.0,169000000.0,1971000000.0,,,1253000000.0,1184000000.0,-6231895.850285,0.270952,1790000000.0,-23000000.0,-23000000.0,804000000.0,403000000.0,4692000000.0,1767000000.0,1364000000.0,-126000000.0,135000000.0,19000000.0,820768104.149715,717000000.0,8344000000.0,233300000.0,217150000.0,3.192,3.302,717000000.0,717000000.0,0.0,717000000.0,-91000000.0,808000000.0,896000000.0,333000000.0,1229000000.0,-23000000.0,19000000.0,,-126000000.0,10000000.0,135000000.0,19000000.0,1407000000.0,3652000000.0,593000000.0,403000000.0,149000000.0,254000000.0,319000000.0,176000000.0,5059000000.0,4692000000.0,9751000000.0,9751000000.0,,,,,,10000000.0,,103000000.0,32000000.0,527000000.0,9000000.0,,1486000000.0,69000000.0,30000000.0,6000000.0,4000000.0,,143000000.0,30000000.0,,,-102000000.0,,,-18000000.0,,696000000.0,9000000.0,,275000000.0,183000000.0,9000000.0,,,32000000.0,0.0,,1658000000.0,0.0,1184000000.0,,,-1000000.0,,34000000.0,,16000000.0,407000000.0,19000000.0,20000000.0,54000000.0,,-87000000.0,,,,,,,,,,,,,,,,,,,,,,,,,,,,,,,,,,,,,,,,,,,,,,,,,,,,,,,,,,,,,,,,,,,,,,,,,,,,
RNMBY,2023-12-31,63.33,345000000.0,,-485000000.0,1407000000.0,-398000000.0,873000000.0,568000000.0,-9000000.0,314000000.0,746000000.0,18000000.0,,-187000000.0,,,,922000000.0,922000000.0,-485000000.0,1407000000.0,-1175000000.0,130000000.0,-1064000000.0,-909000000.0,155000000.0,-1064000000.0,,,-396000000.0,-398000000.0,743000000.0,,,-197000000.0,,,,91000000.0,308000000.0,87000000.0,221000000.0,,,586000000.0,141356.0,43417494.0,43558850.0,792000000.0,1914000000.0,1238000000.0,4958000000.0,1633000000.0,1238000000.0,272000000.0,3316000000.0,4593000000.0,3643000000.0,327000000.0,3316000000.0,,5000000.0,2533000000.0,112000000.0,112000000.0,8064000000.0,2605000000.0,,260000000.0,1503000000.0,226000000.0,1277000000.0,230000000.0,5459000000.0,65000000.0,411000000.0,46000000.0,365000000.0,0.0,690000000.0,1442000000.0,,220000000.0,1222000000.0,11707000000.0,4615000000.0,18000000.0,164000000.0,,34000000.0,23000000.0,373000000.0,,2078000000.0,953000000.0,1125000000.0,1641000000.0,-3247000000.0,4888000000.0,226000000.0,31000000.0,2942000000.0,373000000.0,1316000000.0,0.0,7092000000.0,342000000.0,2951000000.0,,455000000.0,528000000.0,83000000.0,2033000000.0,,,915000000.0,850000000.0,-3404907.97546,0.226994,1249000000.0,-15000000.0,-15000000.0,579000000.0,308000000.0,3239000000.0,1234000000.0,926000000.0,-88000000.0,111000000.0,29000000.0,590595092.02454,535000000.0,6322000000.0,231700000.0,217050000.0,2.414,2.464,535000000.0,535000000.0,0.0,535000000.0,-51000000.0,586000000.0,630000000.0,185000000.0,815000000.0,-15000000.0,8000000.0,,-88000000.0,6000000.0,111000000.0,29000000.0,854000000.0,3083000000.0,452000000.0,308000000.0,87000000.0,221000000.0,264000000.0,147000000.0,3937000000.0,3239000000.0,7176000000.0,7176000000.0,,,,,,2000000.0,,-59000000.0,24000000.0,562000000.0,14000000.0,,1251000000.0,65000000.0,31000000.0,8000000.0,7000000.0,6000000.0,117000000.0,31000000.0,130000000.0,,39000000.0,,,-12000000.0,,676000000.0,8000000.0,,99000000.0,134000000.0,7000000.0,,,18000000.0,0.0,,1245000000.0,0.0,850000000.0,,,,,,,29000000.0,-217000000.0,11000000.0,22000000.0,25000000.0,196000000.0,-44000000.0,,,,,,,,,,,,,,,,,,,,,,,,,,,,,,,,,,,,,,,,,,,,,,,,,,,,,,,,,,,,,,,,,,,,,,,,,,,,
RNMBY,2022-12-31,38.77,-175000000.0,,-232000000.0,249000000.0,-349000000.0,568000000.0,1058000000.0,1000000.0,-491000000.0,-131000000.0,-5000000.0,,-143000000.0,,,,17000000.0,17000000.0,-232000000.0,249000000.0,-534000000.0,-205000000.0,-205000000.0,2000000.0,2000000.0,,,,-330000000.0,-349000000.0,174000000.0,,,-573000000.0,,,,46000000.0,250000000.0,45000000.0,205000000.0,,,540000000.0,177184.0,43381666.0,43558850.0,216000000.0,972000000.0,1998000000.0,3580000000.0,1513000000.0,1998000000.0,211000000.0,2819000000.0,3165000000.0,3090000000.0,271000000.0,2819000000.0,,6000000.0,2147000000.0,112000000.0,112000000.0,5006000000.0,1341000000.0,,78000000.0,518000000.0,172000000.0,346000000.0,205000000.0,3665000000.0,44000000.0,454000000.0,39000000.0,415000000.0,0.0,674000000.0,1099000000.0,,168000000.0,931000000.0,8096000000.0,2918000000.0,11000000.0,98000000.0,,32000000.0,21000000.0,442000000.0,,821000000.0,338000000.0,483000000.0,1347000000.0,-2945000000.0,4292000000.0,162000000.0,15000000.0,2637000000.0,295000000.0,1183000000.0,0.0,5178000000.0,135000000.0,1879000000.0,,245000000.0,375000000.0,122000000.0,1560000000.0,,,696000000.0,545000000.0,-3823119.777159,0.254875,1015000000.0,-15000000.0,-15000000.0,468000000.0,250000000.0,3031000000.0,1000000000.0,750000000.0,-68000000.0,32000000.0,12000000.0,479176880.222841,474000000.0,5656000000.0,216800000.0,216800000.0,2.188,2.188,474000000.0,474000000.0,0.0,474000000.0,-66000000.0,540000000.0,534000000.0,183000000.0,718000000.0,-15000000.0,-8000000.0,,-68000000.0,48000000.0,32000000.0,12000000.0,754000000.0,2625000000.0,332000000.0,250000000.0,45000000.0,205000000.0,234000000.0,125000000.0,3379000000.0,3031000000.0,6410000000.0,6410000000.0,,,,,,19000000.0,,-5000000.0,30000000.0,484000000.0,7000000.0,,814000000.0,151000000.0,23000000.0,6000000.0,23000000.0,0.0,109000000.0,23000000.0,0.0,,-39000000.0,,,-62000000.0,,566000000.0,6000000.0,,0.0,100000000.0,10000000.0,,,31000000.0,0.0,,820000000.0,0.0,545000000.0,,,,-23000000.0,-1000000.0,,17000000.0,-507000000.0,11000000.0,24000000.0,30000000.0,349000000.0,6000000.0,,,,,,,,,,,,,,,,,,,,,,,,,,,,,,,,,,,,,,,,,,,,,,,,,,,,,,,,,,,,,,,,,,,,,,,,,,,,
RNMBY,2021-12-31,17.46,419000000.0,,-231000000.0,122000000.0,-271000000.0,1039000000.0,1027000000.0,4000000.0,7000000.0,-202000000.0,-6000000.0,,-87000000.0,,,,-109000000.0,-109000000.0,-231000000.0,122000000.0,-462000000.0,-195000000.0,-195000000.0,1000000.0,1000000.0,-35000000.0,,,-268000000.0,-271000000.0,690000000.0,,,17000000.0,,,,107000000.0,254000000.0,,254000000.0,,,332000000.0,255201.0,43303649.0,43558850.0,,921000000.0,1651000000.0,3119000000.0,1641000000.0,1651000000.0,220000000.0,2418000000.0,2944000000.0,2621000000.0,203000000.0,2418000000.0,-1000000.0,9000000.0,1755000000.0,112000000.0,112000000.0,5113000000.0,1772000000.0,,38000000.0,707000000.0,181000000.0,526000000.0,210000000.0,3341000000.0,55000000.0,214000000.0,39000000.0,175000000.0,0.0,677000000.0,958000000.0,,149000000.0,809000000.0,7734000000.0,2752000000.0,10000000.0,147000000.0,,32000000.0,29000000.0,201000000.0,,767000000.0,286000000.0,481000000.0,1270000000.0,-2777000000.0,4047000000.0,148000000.0,14000000.0,2491000000.0,276000000.0,1118000000.0,0.0,4982000000.0,104000000.0,1579000000.0,,295000000.0,423000000.0,60000000.0,1176000000.0,,,1218000000.0,1039000000.0,-1804123.71134,0.257732,874000000.0,-7000000.0,-7000000.0,391000000.0,254000000.0,2628000000.0,867000000.0,613000000.0,-44000000.0,31000000.0,4000000.0,396195876.28866,291000000.0,5044000000.0,216400000.0,216400000.0,1.344,1.344,291000000.0,291000000.0,0.0,291000000.0,-41000000.0,332000000.0,432000000.0,150000000.0,582000000.0,-7000000.0,-2000000.0,,-44000000.0,17000000.0,31000000.0,4000000.0,614000000.0,2416000000.0,360000000.0,251000000.0,48000000.0,203000000.0,158000000.0,65000000.0,3030000000.0,2628000000.0,5658000000.0,5658000000.0,,,,,,3000000.0,,,36000000.0,773000000.0,10000000.0,,687000000.0,179000000.0,21000000.0,6000000.0,9000000.0,15000000.0,93000000.0,21000000.0,,,63000000.0,,,-35000000.0,,561000000.0,4000000.0,,136000000.0,107000000.0,10000000.0,,,31000000.0,0.0,,597000000.0,0.0,1039000000.0,,,1000000.0,-19000000.0,,,30000000.0,22000000.0,3000000.0,30000000.0,40000000.0,334000000.0,-100000000.0,,,,,,,,,,,,,,,,,,,,,,,,,,,,,,,,,,,,,,,,,,,,,,,,,,,,,,,,,,,,,,,,,,,,,,,,,,,,
RNMBY,2020-12-31,20.1,,,,,,,,,,,,,,-104000000.0,,,,,,,,,0.0,,,-3000000.0,,,,,,,,,,,,,,,,,,,,,,,,,,,,,,,,,,,,,,,,,,,,,,,,,,,,,,,,,,,,,,,,,,,,,,,,,,,,,,,,,,,,,,,,,,,,,,,,,,,,,,,,,,,,,,,,,,,,,,,,,,,,,,,,,,,,,,,,,,,,,,,,,,-6000000.0,,,,,,,,,,29000000.0,,,20000000.0,,,,,,,,,,,,,,,,,,,,,,,,0.0,11000000.0,-237000000.0,,,,,,0.0,,,,,,,,,,,,,,,,,,,,,,,,,,,,,,,,,,,,,,,,,,,,,,,,,,,,,,,,,,,,,,,,,,,,,,,,,,,,,
SAABF,2024-12-31,21.27,1893000000.0,,-678000000.0,331000000.0,-4839000000.0,2843000000.0,2129000000.0,98000000.0,616000000.0,-1934000000.0,,,-856000000.0,,,,-347000000.0,-347000000.0,-678000000.0,331000000.0,-4182000000.0,577000000.0,-1894000000.0,10000000.0,25000000.0,-15000000.0,-297000000.0,-297000000.0,-3942000000.0,-4012000000.0,6732000000.0,-945000000.0,,-1003000000.0,,,-4890000000.0,-68000000.0,2645000000.0,230000000.0,2415000000.0,,,5289000000.0,6915618.0,536467770.0,543383388.0,4509000000.0,10384000000.0,22505000000.0,42855000000.0,15687000000.0,22505000000.0,3032000000.0,35503000000.0,42631000000.0,35812000000.0,309000000.0,35503000000.0,,,27035000000.0,2174000000.0,2174000000.0,64011000000.0,14296000000.0,,1070000000.0,9465000000.0,2337000000.0,7128000000.0,2238000000.0,49715000000.0,75000000.0,919000000.0,695000000.0,224000000.0,2537000000.0,1036000000.0,9866000000.0,5000000.0,1646000000.0,8215000000.0,99823000000.0,34421000000.0,,521000000.0,,4373000000.0,4373000000.0,315000000.0,300000000.0,12998000000.0,7426000000.0,5572000000.0,15365000000.0,-11593000000.0,26958000000.0,3668000000.0,6116000000.0,8025000000.0,9149000000.0,,0.0,65402000000.0,3180000000.0,21825000000.0,,1376000000.0,16142000000.0,250000000.0,11334000000.0,-68000000.0,11402000000.0,11741000000.0,2843000000.0,-52224000.0,0.204,8749000000.0,-256000000.0,-256000000.0,4171000000.0,2645000000.0,50088000000.0,8493000000.0,5848000000.0,-107000000.0,559000000.0,521000000.0,4374776000.0,4171000000.0,58153000000.0,539218000.0,534008000.0,7.74,7.81,4171000000.0,4171000000.0,0.0,4171000000.0,-39000000.0,4210000000.0,4210000000.0,1079000000.0,5289000000.0,10000000.0,-10000000.0,0.0,-107000000.0,69000000.0,559000000.0,521000000.0,5598000000.0,8065000000.0,5000000.0,,,,5515000000.0,2416000000.0,13663000000.0,50088000000.0,63751000000.0,63751000000.0,,,,,,70000000.0,,,100000000.0,1423000000.0,,,8698000000.0,8898000000.0,,,0.0,0.0,3099000000.0,,2471000000.0,,-5464000000.0,,787000000.0,,-18000000.0,6099000000.0,,,,,,,15000000.0,930000000.0,,,11751000000.0,300000000.0,2543000000.0,5662000000.0,2809000000.0,,,,-530000000.0,22000000.0,7218000000.0,,,,,,3589000000.0,,,,,,,,,,,,,,,,,,,,,,,,,,,,,,,,,,,,,,,,,,,,,,,,,,,,,,,,,,,,,,,,,,,,,,,,,,,
SAABF,2023-12-31,13.78,2924000000.0,,-1075000000.0,1250000000.0,-3538000000.0,2129000000.0,2869000000.0,-57000000.0,-683000000.0,-1230000000.0,10000000.0,,-703000000.0,,,,175000000.0,175000000.0,-1075000000.0,1250000000.0,-5915000000.0,-2501000000.0,-2501000000.0,120000000.0,382000000.0,-262000000.0,-484000000.0,-484000000.0,-2503000000.0,-2507000000.0,6462000000.0,-856000000.0,,-86000000.0,,,-2691000000.0,-92000000.0,2265000000.0,164000000.0,2101000000.0,,,4418000000.0,10394128.0,532989260.0,543383388.0,5239000000.0,10043000000.0,19094000000.0,39403000000.0,19995000000.0,19094000000.0,2675000000.0,32035000000.0,38950000000.0,32362000000.0,327000000.0,32035000000.0,,,22164000000.0,2174000000.0,2174000000.0,50397000000.0,15395000000.0,,1432000000.0,8993000000.0,2078000000.0,6915000000.0,2888000000.0,35002000000.0,356000000.0,1050000000.0,597000000.0,453000000.0,2126000000.0,875000000.0,7042000000.0,11000000.0,951000000.0,6080000000.0,82759000000.0,27762000000.0,,482000000.0,,1102000000.0,1102000000.0,253000000.0,238000000.0,12941000000.0,7517000000.0,5424000000.0,12055000000.0,-10749000000.0,22804000000.0,2437000000.0,5214000000.0,6608000000.0,8545000000.0,,0.0,54997000000.0,1898000000.0,16786000000.0,,1030000000.0,13893000000.0,51000000.0,7244000000.0,-64000000.0,7308000000.0,13469000000.0,2129000000.0,156910000.0,0.221,6499000000.0,710000000.0,710000000.0,3381000000.0,2265000000.0,40349000000.0,7209000000.0,4944000000.0,-79000000.0,526000000.0,497000000.0,2827910000.0,3381000000.0,47089000000.0,537511000.0,531536000.0,6.29,6.36,3381000000.0,3381000000.0,0.0,3381000000.0,-62000000.0,3443000000.0,3443000000.0,975000000.0,4418000000.0,485000000.0,-338000000.0,-144000000.0,-79000000.0,50000000.0,526000000.0,497000000.0,4520000000.0,6740000000.0,6000000.0,,,,4718000000.0,1980000000.0,11260000000.0,40349000000.0,51609000000.0,51609000000.0,,,,,,4000000.0,,,170000000.0,1912000000.0,,,6130000000.0,11340000000.0,,,3000000.0,-6000000.0,2738000000.0,,0.0,,-1922000000.0,,399000000.0,,-328000000.0,6099000000.0,,,,,,,15000000.0,1656000000.0,,,9626000000.0,500000000.0,1629000000.0,4272000000.0,2117000000.0,,,,-547000000.0,36000000.0,2915000000.0,,,,0.0,,2020000000.0,,,,,,,,,,,,,,,,,,,,,,,,,,,,,,,,,,,,,,,,,,,,,,,,,,,,,,,,,,,,,,,,,,,,,,,,,,,
SAABF,2022-12-31,8.46,2344000000.0,0.0,-1386000000.0,1394000000.0,-2310000000.0,2869000000.0,1701000000.0,130000000.0,1038000000.0,-1178000000.0,47000000.0,,-647000000.0,,0.0,0.0,8000000.0,8000000.0,-1386000000.0,1394000000.0,-2438000000.0,-287000000.0,-289000000.0,42000000.0,42000000.0,0.0,-186000000.0,-186000000.0,-1507000000.0,-1624000000.0,4654000000.0,-596000000.0,,-932000000.0,,,-2550000000.0,390000000.0,2127000000.0,158000000.0,1969000000.0,,,2819000000.0,13427852.0,529955536.0,543383388.0,4325000000.0,9988000000.0,17238000000.0,36680000000.0,19103000000.0,17238000000.0,2794000000.0,29486000000.0,36235000000.0,29876000000.0,390000000.0,29486000000.0,,,19845000000.0,2174000000.0,2174000000.0,42489000000.0,14089000000.0,,1140000000.0,8989000000.0,2240000000.0,6749000000.0,2566000000.0,28400000000.0,279000000.0,999000000.0,554000000.0,445000000.0,1906000000.0,1035000000.0,5886000000.0,3000000.0,1013000000.0,4870000000.0,72365000000.0,24862000000.0,,403000000.0,,118000000.0,,343000000.0,343000000.0,12248000000.0,6864000000.0,5384000000.0,10647000000.0,-10541000000.0,21188000000.0,1558000000.0,4679000000.0,6543000000.0,8408000000.0,,0.0,47503000000.0,1015000000.0,14195000000.0,,1406000000.0,11229000000.0,36000000.0,6045000000.0,-80000000.0,6125000000.0,12857000000.0,2869000000.0,-15010000.0,0.19,5332000000.0,-79000000.0,-79000000.0,2195000000.0,2127000000.0,33120000000.0,5253000000.0,3126000000.0,-276000000.0,307000000.0,131000000.0,2258990000.0,2195000000.0,38726000000.0,534896000.0,528632000.0,4.1025,4.1525,2195000000.0,2195000000.0,0.0,2195000000.0,-88000000.0,2283000000.0,2283000000.0,536000000.0,2819000000.0,100000000.0,-43000000.0,0.0,-276000000.0,100000000.0,307000000.0,131000000.0,3280000000.0,5606000000.0,14000000.0,,,,3876000000.0,1543000000.0,8886000000.0,33120000000.0,42006000000.0,42006000000.0,,,,,,117000000.0,,,49000000.0,1345000000.0,,,5512000000.0,9988000000.0,,,3000000.0,-60000000.0,2333000000.0,,2000000.0,,-241000000.0,,705000000.0,,0.0,6099000000.0,,,,,,118000000.0,0.0,1835000000.0,,,7277000000.0,1250000000.0,1619000000.0,3274000000.0,1817000000.0,,,,-500000000.0,44000000.0,-153000000.0,,,,291000000.0,,2552000000.0,,,,,,,,,,,,,,,,,,,,,,,,,,,,,,,,,,,,,,,,,,,,,,,,,,,,,,,,,,,,,,,,,,,,,,,,,,,
SAABF,2021-12-31,4.46,3193000000.0,-246000000.0,-2538000000.0,2248000000.0,-2520000000.0,1701000000.0,2273000000.0,57000000.0,-629000000.0,-1639000000.0,15000000.0,,-622000000.0,,-246000000.0,-246000000.0,-290000000.0,-290000000.0,-2538000000.0,2248000000.0,-4703000000.0,-2207000000.0,-2210000000.0,-2000000.0,19000000.0,-21000000.0,-406000000.0,-406000000.0,-1197000000.0,-1223000000.0,5713000000.0,-373000000.0,,-76000000.0,,,-1320000000.0,275000000.0,1938000000.0,151000000.0,1787000000.0,,,2577000000.0,16142676.0,511098036.0,527240712.0,5472000000.0,9716000000.0,10814000000.0,30149000000.0,16220000000.0,10814000000.0,2543000000.0,22976000000.0,28728000000.0,23249000000.0,273000000.0,22976000000.0,,,14333000000.0,2174000000.0,2174000000.0,41790000000.0,16478000000.0,,137000000.0,7813000000.0,2061000000.0,5752000000.0,2529000000.0,25312000000.0,169000000.0,1903000000.0,482000000.0,1421000000.0,1679000000.0,1072000000.0,4489000000.0,28000000.0,927000000.0,3534000000.0,65039000000.0,23507000000.0,,305000000.0,,37000000.0,,404000000.0,404000000.0,12162000000.0,6909000000.0,5253000000.0,9619000000.0,-9717000000.0,19336000000.0,1385000000.0,4172000000.0,5952000000.0,7827000000.0,,0.0,41532000000.0,1022000000.0,11609000000.0,,1231000000.0,10362000000.0,35000000.0,5884000000.0,-77000000.0,5961000000.0,11841000000.0,1701000000.0,5136000.0,0.214,4783000000.0,24000000.0,24000000.0,1926000000.0,1938000000.0,30949000000.0,4807000000.0,2869000000.0,-330000000.0,292000000.0,32000000.0,1907136000.0,1926000000.0,36208000000.0,533172000.0,528660000.0,3.6125,3.6425,1926000000.0,1926000000.0,0.0,1926000000.0,-99000000.0,2025000000.0,2025000000.0,552000000.0,2577000000.0,5000000.0,2000000.0,,-330000000.0,70000000.0,292000000.0,32000000.0,2946000000.0,5259000000.0,15000000.0,,,,3700000000.0,1434000000.0,8205000000.0,30949000000.0,39154000000.0,39154000000.0,,,,,,26000000.0,,,40000000.0,5959000000.0,,,4405000000.0,10140000000.0,,,2000000.0,-9000000.0,2266000000.0,,3000000.0,,-1636000000.0,,1272000000.0,,0.0,6099000000.0,,,,,,37000000.0,0.0,779000000.0,,,5973000000.0,300000000.0,1401000000.0,2888000000.0,1659000000.0,,,,-891000000.0,72000000.0,2929000000.0,,,,0.0,,401000000.0,,,,,,,,,,,,,,,,,,,,,,,,,,,,,,,,,,,,,,,,,,,,,,,,,,,,,,,,,,,,,,,,,,,,,,,,,,,
SAABF,2020-12-31,4.28,,-242000000.0,,,,,,,,,-85000000.0,,,0.0,-242000000.0,-242000000.0,,,,,,,,,,,,,,,,,,,,,,,,,,,,,,,,,,,,,,,,,,,,,,,,,,,,,,,,,,,,,,,,,,,,,,,,,,,,,,,,,,,,,,,,,,,,,,,,,,,,,,,,,,,,,,,,,,,,,,,,,,,,,,,,,,,,-13000000.0,,,,,,,,,,,,,,,,,0.0,0.0,,,,,,,,,,,,,,,,,,,,,,,,,,,,,,,,30000000.0,,,,,,,,,,,,,,,,,,,,,,,,,,,,,,,,,,,,,,,,,,,,,,,,,,,,,,,,,,,,,,,,,,,,,,,,,,,,,,,,,,,,,,,,,,,,,,,,
BCKIY,2024-03-31,6.73,172300000.0,-12500000.0,-13100000.0,0.0,-142400000.0,552600000.0,429500000.0,-5500000.0,128600000.0,-85500000.0,,,-8500000.0,-8500000.0,-12500000.0,-12500000.0,-13100000.0,-13100000.0,-13100000.0,0.0,-100600000.0,,,-1300000.0,,-1300000.0,-32700000.0,-32700000.0,-79100000.0,-109700000.0,314700000.0,-27400000.0,22100000.0,134000000.0,56100000.0,,-67100000.0,32600000.0,115800000.0,24000000.0,91800000.0,,-20600000.0,168200000.0,,505596597.0,505596597.0,196900000.0,998000000.0,-540000000.0,1156400000.0,-269500000.0,-540000000.0,230500000.0,388900000.0,1136000000.0,406100000.0,17200000.0,388900000.0,,,-1523900000.0,303400000.0,303400000.0,3174000000.0,1292800000.0,5400000.0,6400000.0,933000000.0,185900000.0,747100000.0,79100000.0,1881200000.0,,65000000.0,44600000.0,20400000.0,8300000.0,79100000.0,417000000.0,15000000.0,87700000.0,314300000.0,3580100000.0,1968400000.0,,132300000.0,,5300000.0,5300000.0,59700000.0,,928900000.0,148800000.0,780100000.0,692700000.0,-726900000.0,1419600000.0,124100000.0,294700000.0,845300000.0,155500000.0,,0.0,1611700000.0,88200000.0,187400000.0,,124700000.0,364700000.0,108700000.0,264000000.0,-8500000.0,272500000.0,571700000.0,570600000.0,-822500.0,0.235,384900000.0,-3500000.0,-3500000.0,165700000.0,115800000.0,,381400000.0,265600000.0,-34600000.0,48900000.0,21600000.0,168377500.0,165700000.0,4145000000.0,,,,,165700000.0,165700000.0,0.0,165700000.0,-2500000.0,168200000.0,168200000.0,48500000.0,216700000.0,-3500000.0,3500000.0,,-34600000.0,7300000.0,48900000.0,21600000.0,245100000.0,4145000000.0,4145000000.0,,,,,,,,4390100000.0,4390100000.0,,,,7100000.0,0.0,30600000.0,48500000.0,-5400000.0,,217000000.0,,,4600000.0,1100000.0,,,,,,,,-54300000.0,-12200000.0,12400000.0,,,3500000.0,903600000.0,51900000.0,,107300000.0,10500000.0,2800000.0,,,4400000.0,9600000.0,,58100000.0,352200000.0,218400000.0,241600000.0,,,,,,,149100000.0,,,,,,,,,,,,,,,,,,,,,,,,,,,,,,,,,,,,,,,,,,,,,,,,,,,,,,,,,,,,,,,,,,,,,,,,,,,,,,,,,
BCKIY,2023-03-31,3.65,136200000.0,0.0,-972800000.0,416600000.0,-125100000.0,429500000.0,756500000.0,-5700000.0,-321300000.0,-666100000.0,800000.0,,,0.0,0.0,0.0,-556200000.0,-556200000.0,-972800000.0,416600000.0,83500000.0,,,158600000.0,158600000.0,0.0,-20500000.0,-20900000.0,-65700000.0,-104200000.0,261300000.0,-25400000.0,14800000.0,160100000.0,131400000.0,,-25700000.0,49300000.0,181900000.0,28100000.0,153800000.0,,500000.0,-33300000.0,,505596597.0,505596597.0,336300000.0,1016800000.0,-568300000.0,1141900000.0,-255800000.0,-568300000.0,228800000.0,353900000.0,1122300000.0,370900000.0,17000000.0,353900000.0,,,-1568800000.0,303400000.0,303400000.0,2939000000.0,1245500000.0,900000.0,7000000.0,947300000.0,178900000.0,768400000.0,80800000.0,1693500000.0,,69500000.0,49900000.0,19600000.0,7600000.0,67900000.0,365200000.0,34800000.0,91300000.0,239100000.0,3309900000.0,1872200000.0,,112200000.0,,7300000.0,7300000.0,57400000.0,,922200000.0,140800000.0,781400000.0,637600000.0,-696400000.0,1334000000.0,90800000.0,279900000.0,806500000.0,156800000.0,,0.0,1437700000.0,63700000.0,126800000.0,,61000000.0,374200000.0,87500000.0,306000000.0,-7300000.0,313300000.0,453100000.0,451700000.0,-14706000.0,0.19,316800000.0,-77400000.0,-77400000.0,-35000000.0,181900000.0,,239400000.0,57500000.0,-49300000.0,51300000.0,21200000.0,27694000.0,-35000000.0,4315700000.0,514920548.0,505391563.0,-0.069,-0.069,-35000000.0,-35000000.0,0.0,-35000000.0,-1700000.0,-33300000.0,-33300000.0,39500000.0,6200000.0,-77400000.0,77400000.0,,-49300000.0,19200000.0,51300000.0,21200000.0,122900000.0,4315700000.0,4315700000.0,,,,,,,,4438600000.0,4438600000.0,,,,8700000.0,400000.0,38500000.0,39500000.0,-8200000.0,,156200000.0,,,7200000.0,1400000.0,,,,,,,,-77000000.0,-125800000.0,9400000.0,,,77400000.0,903600000.0,53300000.0,,94800000.0,4200000.0,2600000.0,,,4300000.0,5700000.0,,58600000.0,230000000.0,221700000.0,45500000.0,,,,,,,132300000.0,,,,,,,,,,,,,,,,,,,,,,,,,,,,,,,,,,,,,,,,,,,,,,,,,,,,,,,,,,,,,,,,,,,,,,,,,,,,,,,,,
BCKIY,2022-03-31,3.94,-196400000.0,0.0,-31700000.0,23100000.0,-203200000.0,756500000.0,530900000.0,2900000.0,222700000.0,-122700000.0,,,,,0.0,0.0,-8600000.0,-8600000.0,-31700000.0,23100000.0,338600000.0,,,402600000.0,420700000.0,-18100000.0,-12400000.0,-12400000.0,-122800000.0,-190800000.0,6800000.0,10000000.0,9900000.0,-209800000.0,-202000000.0,,10600000.0,71600000.0,200900000.0,37100000.0,163800000.0,,-4000000.0,167900000.0,,505596597.0,505596597.0,564800000.0,2145200000.0,-278100000.0,2393100000.0,-345500000.0,-278100000.0,434100000.0,682000000.0,1529700000.0,701500000.0,19500000.0,682000000.0,,,-1241400000.0,303400000.0,303400000.0,3899200000.0,1416500000.0,1000000.0,9600000.0,1177000000.0,329300000.0,847700000.0,60300000.0,2482700000.0,,968200000.0,104800000.0,863400000.0,,55600000.0,287400000.0,28400000.0,94300000.0,164700000.0,4600700000.0,2463500000.0,,47400000.0,,10000000.0,10000000.0,54300000.0,,960100000.0,176700000.0,783400000.0,1044900000.0,-748500000.0,1793400000.0,213900000.0,216500000.0,1211000000.0,152000000.0,,0.0,2137200000.0,71100000.0,142700000.0,,61300000.0,407500000.0,25400000.0,301300000.0,-14600000.0,315900000.0,1146300000.0,1146300000.0,39744000.0,0.24,288800000.0,172800000.0,165600000.0,164200000.0,200900000.0,3756500000.0,461600000.0,260700000.0,-71600000.0,78400000.0,8800000.0,45544000.0,164200000.0,4040600000.0,511175735.0,505091970.0,0.321,0.325,164200000.0,164200000.0,0.0,164200000.0,-3700000.0,167900000.0,167900000.0,14400000.0,182300000.0,165600000.0,-172800000.0,-172800000.0,-71600000.0,2000000.0,78400000.0,8800000.0,61200000.0,4040600000.0,4040600000.0,,,,284100000.0,284100000.0,345300000.0,3756500000.0,4101800000.0,4101800000.0,,,,41600000.0,0.0,68000000.0,14400000.0,-1700000.0,,109300000.0,,,4100000.0,,,6200000.0,,,,,,-54900000.0,-111700000.0,5500000.0,,-151700000.0,-172800000.0,903600000.0,59300000.0,,300900000.0,9700000.0,0.0,,,11400000.0,8200000.0,,77300000.0,530300000.0,616000000.0,226800000.0,,,,,,,124200000.0,,,,,,,,,,,,,,,,,,,,,,,,,,,,,,,,,,,,,,,,,,,,,,,,,,,,,,,,,,,,,,,,,,,,,,,,,,,,,,,,,
BCKIY,2021-03-31,7.68,250900000.0,-2200000.0,-1154400000.0,25100000.0,-176500000.0,530900000.0,1348700000.0,3100000.0,-820900000.0,-1223900000.0,49000000.0,,,0.0,-2200000.0,-2200000.0,-1129300000.0,-1129300000.0,-1154400000.0,25100000.0,-24400000.0,,,81800000.0,90600000.0,-8800000.0,-19600000.0,-19600000.0,-123700000.0,-156900000.0,427400000.0,19400000.0,12000000.0,318600000.0,212500000.0,,32900000.0,62100000.0,279400000.0,59400000.0,220000000.0,,26400000.0,-1803000000.0,,505596597.0,505596597.0,802700000.0,2319800000.0,-943200000.0,1920500000.0,-257100000.0,-943200000.0,612300000.0,213000000.0,1536800000.0,229000000.0,16000000.0,213000000.0,,,-1671700000.0,303400000.0,303400000.0,4381900000.0,2270000000.0,1900000.0,7700000.0,1810000000.0,486200000.0,1323800000.0,73700000.0,2111900000.0,,509800000.0,126100000.0,383700000.0,,71800000.0,602600000.0,37800000.0,154200000.0,410600000.0,4610900000.0,2756100000.0,,129700000.0,,11200000.0,11200000.0,73500000.0,,1156200000.0,199900000.0,956300000.0,1252700000.0,-791500000.0,2044200000.0,187600000.0,231900000.0,1456000000.0,168700000.0,,0.0,1854800000.0,66800000.0,153000000.0,,76000000.0,361900000.0,50000000.0,277800000.0,-14000000.0,291800000.0,904800000.0,904800000.0,-291123000.0,0.21,-1408400000.0,-49700000.0,-1386300000.0,-1803000000.0,279400000.0,3945500000.0,-1458100000.0,-1737500000.0,-62100000.0,73500000.0,15700000.0,628777000.0,-1803000000.0,4322000000.0,508991711.0,504993024.0,-3.37,-3.37,-1803000000.0,-1803000000.0,0.0,-1803000000.0,0.0,-1803000000.0,-1803000000.0,-8000000.0,-1811000000.0,-1386300000.0,49700000.0,49700000.0,-62100000.0,4300000.0,73500000.0,15700000.0,-350400000.0,376500000.0,,,,,376500000.0,376500000.0,26100000.0,3945500000.0,3971600000.0,3971600000.0,,,,36800000.0,,33200000.0,-8000000.0,6000000.0,,325700000.0,,,7200000.0,,45300000.0,,,,,,,-79400000.0,87800000.0,3200000.0,,-64500000.0,49700000.0,903600000.0,51000000.0,,46800000.0,26700000.0,4300000.0,,,8200000.0,5600000.0,,69800000.0,294300000.0,610500000.0,-1736700000.0,,,,,,,,,,,,,,,,,,,,,,,,,,,,,,,,,,,,,,,,,,,,,,,,,,,,,,,,,,,,,,,,,,,,,,,,,,,,,,,,,,,,,,,,
BAESY,2024-12-31,57.16,2762000000.0,-555000000.0,-3794000000.0,6933000000.0,-1163000000.0,3378000000.0,4067000000.0,-40000000.0,-649000000.0,695000000.0,-130000000.0,-543000000.0,-937000000.0,-937000000.0,-555000000.0,-555000000.0,3139000000.0,3139000000.0,-3794000000.0,6933000000.0,-5269000000.0,,,-4582000000.0,194000000.0,-4776000000.0,-173000000.0,-173000000.0,-967000000.0,-990000000.0,3925000000.0,-175000000.0,,745000000.0,1010000000.0,,-144000000.0,379000000.0,1085000000.0,422000000.0,663000000.0,-90000000.0,6000000.0,2041000000.0,266445903.0,2928660046.0,3195105949.0,4934000000.0,10153000000.0,-4646000000.0,19928000000.0,-589000000.0,-4646000000.0,1841000000.0,11616000000.0,19329000000.0,11777000000.0,161000000.0,11616000000.0,,,3836000000.0,80000000.0,80000000.0,26365000000.0,14023000000.0,89000000.0,14000000.0,9371000000.0,1658000000.0,7713000000.0,363000000.0,12342000000.0,50000000.0,782000000.0,183000000.0,599000000.0,,254000000.0,3704000000.0,2367000000.0,253000000.0,1084000000.0,38142000000.0,26389000000.0,168000000.0,315000000.0,,83000000.0,83000000.0,823000000.0,101000000.0,16262000000.0,2965000000.0,13297000000.0,6598000000.0,-4462000000.0,11060000000.0,,,5091000000.0,1720000000.0,4249000000.0,0.0,11753000000.0,1005000000.0,1324000000.0,,107000000.0,4295000000.0,176000000.0,1357000000.0,-19000000.0,1376000000.0,3378000000.0,3378000000.0,-1746998.284734,0.124786,3986000000.0,-14000000.0,-14000000.0,1956000000.0,1085000000.0,9085000000.0,3972000000.0,2887000000.0,-424000000.0,555000000.0,135000000.0,1968253001.715266,1956000000.0,23871000000.0,763250000.0,753250000.0,2.564,2.596,1956000000.0,1956000000.0,0.0,1956000000.0,-85000000.0,2041000000.0,2041000000.0,291000000.0,2332000000.0,-8000000.0,-76000000.0,72000000.0,-424000000.0,4000000.0,555000000.0,135000000.0,2441000000.0,14786000000.0,4595000000.0,1085000000.0,422000000.0,663000000.0,,,17227000000.0,9085000000.0,26312000000.0,26312000000.0,,,130000000.0,158000000.0,,23000000.0,291000000.0,6000000.0,398000000.0,503000000.0,,,471000000.0,,,14000000.0,,12000000.0,,,,,-121000000.0,144000000.0,37000000.0,-249000000.0,-94000000.0,1263000000.0,193000000.0,3007000000.0,1638000000.0,,265000000.0,,722000000.0,212000000.0,,,746000000.0,2774000000.0,604000000.0,2685000000.0,,,,165000000.0,,,,,38000000.0,,,,,10000000.0,85000000.0,,,,,,,,,,,,,,,,,,,,,,,,,,,,,,,,,,,,,,,,,,,,,,,,,,,,,,,,,,,,,,,,,,,,,,,,,
BAESY,2023-12-31,56.47,2803000000.0,-561000000.0,0.0,162000000.0,-957000000.0,4067000000.0,3107000000.0,-71000000.0,1031000000.0,-2188000000.0,-196000000.0,-356000000.0,-857000000.0,-857000000.0,-561000000.0,-561000000.0,162000000.0,162000000.0,0.0,162000000.0,-541000000.0,0.0,0.0,-22000000.0,,-22000000.0,-131000000.0,-131000000.0,-807000000.0,-826000000.0,3760000000.0,-395000000.0,,1125000000.0,1635000000.0,,-223000000.0,128000000.0,782000000.0,218000000.0,564000000.0,-210000000.0,-10000000.0,1940000000.0,212887642.0,3025700219.0,3238587861.0,1051000000.0,6479000000.0,-1540000000.0,15618000000.0,830000000.0,-1540000000.0,1420000000.0,10559000000.0,14991000000.0,10723000000.0,164000000.0,10559000000.0,,,2822000000.0,81000000.0,81000000.0,21341000000.0,10398000000.0,21000000.0,10000000.0,5705000000.0,1273000000.0,4432000000.0,332000000.0,10943000000.0,42000000.0,774000000.0,147000000.0,627000000.0,,236000000.0,3070000000.0,1846000000.0,358000000.0,866000000.0,32064000000.0,20291000000.0,215000000.0,609000000.0,,84000000.0,84000000.0,832000000.0,,12099000000.0,713000000.0,11386000000.0,4946000000.0,-4134000000.0,9080000000.0,,,4370000000.0,1280000000.0,3430000000.0,0.0,11773000000.0,933000000.0,1156000000.0,,73000000.0,3816000000.0,391000000.0,1196000000.0,-20000000.0,1216000000.0,4008000000.0,4008000000.0,-48623387.790198,0.16595,3740000000.0,-293000000.0,-293000000.0,1857000000.0,782000000.0,7873000000.0,3447000000.0,2665000000.0,-181000000.0,339000000.0,172000000.0,2101376612.209802,1857000000.0,20771000000.0,768000000.0,757750000.0,2.416,2.452,1857000000.0,1857000000.0,0.0,1857000000.0,-83000000.0,1940000000.0,1940000000.0,386000000.0,2326000000.0,-26000000.0,1000000.0,20000000.0,-181000000.0,14000000.0,339000000.0,172000000.0,2307000000.0,12898000000.0,4154000000.0,782000000.0,218000000.0,564000000.0,,,15205000000.0,7873000000.0,23078000000.0,23078000000.0,,,126000000.0,134000000.0,,19000000.0,386000000.0,267000000.0,361000000.0,575000000.0,,,437000000.0,,,64000000.0,,5000000.0,,,0.0,,-287000000.0,110000000.0,9000000.0,-169000000.0,0.0,1262000000.0,227000000.0,3099000000.0,1144000000.0,,227000000.0,,,205000000.0,,59000000.0,646000000.0,,,2573000000.0,,,,159000000.0,,,,,57000000.0,,,,,10000000.0,68000000.0,,,,,,,,,,,,,,,,,,,,,,,,,,,,,,,,,,,,,,,,,,,,,,,,,,,,,,,,,,,,,,,,,,,,,,,,,
BAESY,2022-12-31,40.08,2146000000.0,-788000000.0,-400000000.0,0.0,-693000000.0,3107000000.0,2917000000.0,106000000.0,84000000.0,-2333000000.0,328000000.0,-269000000.0,-802000000.0,-802000000.0,-788000000.0,-788000000.0,-400000000.0,-400000000.0,-400000000.0,0.0,-422000000.0,-1000000.0,-8000000.0,-38000000.0,124000000.0,-162000000.0,-94000000.0,-94000000.0,-581000000.0,-599000000.0,2839000000.0,-365000000.0,,323000000.0,1485000000.0,,-93000000.0,240000000.0,764000000.0,215000000.0,549000000.0,524000000.0,-3000000.0,1674000000.0,220086959.0,3077731383.0,3297818342.0,2137000000.0,6805000000.0,-1429000000.0,16404000000.0,788000000.0,-1429000000.0,1616000000.0,11215000000.0,16404000000.0,11400000000.0,185000000.0,11215000000.0,,,2930000000.0,82000000.0,82000000.0,20062000000.0,10216000000.0,28000000.0,5000000.0,6564000000.0,1375000000.0,5189000000.0,338000000.0,9846000000.0,39000000.0,241000000.0,241000000.0,0.0,,249000000.0,2319000000.0,1301000000.0,179000000.0,839000000.0,31462000000.0,20828000000.0,201000000.0,338000000.0,,99000000.0,99000000.0,787000000.0,,12644000000.0,825000000.0,11819000000.0,4660000000.0,-4056000000.0,8716000000.0,,,4146000000.0,1400000000.0,3170000000.0,0.0,10634000000.0,509000000.0,976000000.0,,69000000.0,3812000000.0,462000000.0,1506000000.0,-20000000.0,1526000000.0,3052000000.0,3052000000.0,77443438.914027,0.158371,2570000000.0,489000000.0,489000000.0,1591000000.0,764000000.0,7094000000.0,3059000000.0,2295000000.0,-275000000.0,306000000.0,35000000.0,1179443438.914027,1591000000.0,19147000000.0,778000000.0,778000000.0,2.02,2.044,1591000000.0,1591000000.0,0.0,1591000000.0,-83000000.0,1674000000.0,1674000000.0,315000000.0,1989000000.0,81000000.0,-100000000.0,16000000.0,-275000000.0,4000000.0,306000000.0,35000000.0,2111000000.0,12053000000.0,3899000000.0,764000000.0,215000000.0,549000000.0,,,14164000000.0,7094000000.0,21258000000.0,21258000000.0,,,32000000.0,94000000.0,,18000000.0,315000000.0,-403000000.0,357000000.0,651000000.0,,,372000000.0,,,4000000.0,,3000000.0,,,7000000.0,,-1069000000.0,101000000.0,-62000000.0,1000000.0,-93000000.0,1260000000.0,272000000.0,1951000000.0,1625000000.0,,322000000.0,,,252000000.0,,55000000.0,535000000.0,,,2384000000.0,,,,166000000.0,,,,,63000000.0,,,,,10000000.0,50000000.0,,,,,,,,,,,,,,,,,,,,,,,,,,,,,,,,,,,,,,,,,,,,,,,,,,,,,,,,,,,,,,,,,,,,,,,,,
BAESY,2021-12-31,27.37,1835000000.0,-368000000.0,-367000000.0,0.0,-612000000.0,2917000000.0,2667000000.0,-7000000.0,257000000.0,-2256000000.0,-78000000.0,-247000000.0,-777000000.0,-777000000.0,-368000000.0,-368000000.0,-367000000.0,-367000000.0,-367000000.0,0.0,66000000.0,-15000000.0,-15000000.0,182000000.0,215000000.0,-33000000.0,-96000000.0,-96000000.0,-245000000.0,-516000000.0,2447000000.0,-234000000.0,,49000000.0,-615000000.0,,54000000.0,269000000.0,701000000.0,188000000.0,513000000.0,-35000000.0,-192000000.0,1912000000.0,236807031.0,3167360140.0,3404167171.0,2227000000.0,6356000000.0,-4280000000.0,12497000000.0,122000000.0,-4280000000.0,1295000000.0,7436000000.0,12040000000.0,7668000000.0,232000000.0,7436000000.0,,,212000000.0,85000000.0,85000000.0,19467000000.0,10771000000.0,22000000.0,77000000.0,5687000000.0,1083000000.0,4604000000.0,331000000.0,8696000000.0,,669000000.0,212000000.0,457000000.0,,276000000.0,2070000000.0,1149000000.0,224000000.0,697000000.0,27135000000.0,18317000000.0,70000000.0,622000000.0,76000000.0,76000000.0,76000000.0,554000000.0,85000000.0,11716000000.0,806000000.0,10910000000.0,3943000000.0,-3658000000.0,7601000000.0,,,3772000000.0,1075000000.0,2754000000.0,0.0,8818000000.0,444000000.0,811000000.0,,67000000.0,2908000000.0,490000000.0,1043000000.0,-15000000.0,1058000000.0,2834000000.0,2834000000.0,21600000.0,0.18,3005000000.0,120000000.0,120000000.0,1758000000.0,701000000.0,6961000000.0,3125000000.0,2424000000.0,-287000000.0,314000000.0,30000000.0,1659600000.0,1758000000.0,17622000000.0,802750000.0,796750000.0,2.188,2.208,1758000000.0,1758000000.0,0.0,1758000000.0,-154000000.0,1912000000.0,1912000000.0,198000000.0,2110000000.0,147000000.0,-156000000.0,-10000000.0,-287000000.0,3000000.0,314000000.0,30000000.0,1899000000.0,10661000000.0,3390000000.0,701000000.0,188000000.0,513000000.0,,,12560000000.0,6961000000.0,19521000000.0,19521000000.0,,,23000000.0,57000000.0,,271000000.0,198000000.0,-129000000.0,375000000.0,2607000000.0,,,312000000.0,,,10000000.0,,19000000.0,,,0.0,,610000000.0,92000000.0,-66000000.0,-18000000.0,,1257000000.0,302000000.0,1327000000.0,859000000.0,,305000000.0,,469000000.0,194000000.0,,83000000.0,432000000.0,,,2389000000.0,,,,160000000.0,,,,,67000000.0,,0.0,,,10000000.0,43000000.0,,,,,,,,,,,,,,,,,,,,,,,,,,,,,,,,,,,,,,,,,,,,,,,,,,,,,,,,,,,,,,,,,,,,,,,,,
BAESY,2020-12-31,23.89,,,,,,,,,,,,,,,,,,,,,,19000000.0,0.0,,5000000.0,,,,,,,,,,,,,,,,,,,,,,,,,,,,,,,,,,,,,,,,,,,,,,,,,,,,,,,,,,,,,,,,,,,82000000.0,,,,,,,,,,,,,,,,,,,,,,,,,,,,,,,,,,,,,,,,,,,,,,,,,,,,,,,,,,,,,,,,,,,,,,,,,27000000.0,27000000.0,,,0.0,,,,,,,,,,,,13000000.0,,,,19000000.0,,,,,,5000000.0,,,,,344000000.0,,,327000000.0,,,109000000.0,,,,,,,,,,,-1396000000.0,,,,94000000.0,,,,,,,,,,,,,,,,,,,,,,,,,,,,,,,,,,,,,,,,,,,,,,,,,,,,,,,,,,,,,,,,,,,,,,,,,,,,,
IVSO.ST,2024-12-31,275.5,79500000.0,,,,-77500000.0,242400000.0,224900000.0,9200000.0,8400000.0,-70700000.0,100000.0,,-59300000.0,,0.0,,0.0,0.0,,,-77900000.0,-400000.0,-400000.0,,,,-8200000.0,,-11500000.0,-11500000.0,157000000.0,-99400000.0,,-221900000.0,,,-17500000.0,,,,,,,407400000.0,,45590194.0,45590194.0,,36900000.0,747300000.0,,731200000.0,747300000.0,36900000.0,1029000000.0,1029000000.0,1029000000.0,,1029000000.0,,,,,,395000000.0,68500000.0,,40700000.0,27800000.0,27800000.0,,,326500000.0,216800000.0,9100000.0,9100000.0,,,,100600000.0,,,100600000.0,1424000000.0,366300000.0,4800000.0,13200000.0,,,,,,281700000.0,218800000.0,62900000.0,66700000.0,,66700000.0,,66700000.0,,,,,1057700000.0,,272300000.0,,,76100000.0,,466800000.0,,,242400000.0,242400000.0,0.0,0.247914,463400000.0,0.0,0.0,306400000.0,61000000.0,799700000.0,463400000.0,402400000.0,5100000.0,,,306400000.0,306400000.0,1404300000.0,,,,,306400000.0,306400000.0,0.0,306400000.0,,306400000.0,306400000.0,101000000.0,407400000.0,0.0,,,5100000.0,,,,402400000.0,604600000.0,543600000.0,61000000.0,36000000.0,25000000.0,,,1007000000.0,799700000.0,1806700000.0,1806700000.0,0.0,0.0,,,,,,,,,-100000.0,,,,,,,0.0,,,,,-247200000.0,,,,,,,,,,,,,,,,,,,402300000.0,,-100000.0,,,-57800000.0,,,,,100000.0,,,42800000.0,,,,,,,,,,,,,,,,,,,,,,,,,,,,,,,,,,,,,,,,,,,,,,,,,,,,,,,,,,,,,,,,,,,,,,,,,,,
IVSO.ST,2023-12-31,194.51,151300000.0,,-65000000.0,,-53400000.0,224900000.0,127100000.0,-3400000.0,101200000.0,-48500000.0,,,-31500000.0,,58600000.0,,-65000000.0,-65000000.0,-65000000.0,,-55000000.0,-1600000.0,-1600000.0,,,,,,-21000000.0,-21000000.0,204700000.0,-33300000.0,,-78800000.0,34200000.0,,-98500000.0,,58400000.0,,58400000.0,2800000.0,0.0,241900000.0,0.0,45590194.0,45590194.0,,37800000.0,483900000.0,720400000.0,474400000.0,483900000.0,37800000.0,720400000.0,720400000.0,720400000.0,,720400000.0,,,216600000.0,45600000.0,45600000.0,332600000.0,64500000.0,,37600000.0,26900000.0,26900000.0,0.0,,268100000.0,7000000.0,10900000.0,10900000.0,0.0,,10800000.0,153700000.0,,44500000.0,109200000.0,1053000000.0,310400000.0,4300000.0,2600000.0,,,,,,236500000.0,178500000.0,58000000.0,67100000.0,-80100000.0,147200000.0,,147200000.0,,,,,742500000.0,42800000.0,238200000.0,,158100000.0,3600000.0,13500000.0,219500000.0,0.0,219500000.0,224900000.0,224900000.0,0.0,0.262,310100000.0,,,178400000.0,58400000.0,491200000.0,310100000.0,251700000.0,-1000000.0,9800000.0,8800000.0,178400000.0,178400000.0,995800000.0,46237000.0,45366000.0,3.91,3.91,178400000.0,178400000.0,0.0,178400000.0,,178400000.0,178400000.0,63500000.0,241900000.0,,,,-1000000.0,,9800000.0,8800000.0,242700000.0,504600000.0,,,,,363000000.0,107600000.0,747300000.0,491200000.0,1238500000.0,1238500000.0,58600000.0,58600000.0,,,,,,,,,-100000.0,,80100000.0,,,,,,255400000.0,,,,-48800000.0,9600000.0,4100000.0,,,392200000.0,,,,,,,,,,,,,,242900000.0,141600000.0,,,,-32400000.0,,,,,,,,34300000.0,,,,,,,,,,,,,,,,,,,,,,,,,,,,,,,,,,,,,,,,,,,,,,,,,,,,,,,,,,,,,,,,,,,,,,,,,,,
IVSO.ST,2022-12-31,163.16,8200000.0,,-20000000.0,0.0,-33500000.0,127100000.0,134800000.0,9200000.0,-16900000.0,-25100000.0,,,-31200000.0,,36000000.0,,-20000000.0,-20000000.0,-20000000.0,0.0,-33500000.0,-100000.0,-100000.0,0.0,,0.0,0.0,,-9600000.0,-9600000.0,41700000.0,-19000000.0,,-59200000.0,26700000.0,,-13900000.0,,47800000.0,,47800000.0,-300000.0,4100000.0,62500000.0,,45048694.0,45048694.0,,89800000.0,270900000.0,574900000.0,316700000.0,270900000.0,24800000.0,509900000.0,554900000.0,509900000.0,,509900000.0,,,60100000.0,45000000.0,45000000.0,290000000.0,95700000.0,,34600000.0,61100000.0,16100000.0,45000000.0,,194300000.0,2200000.0,28700000.0,8700000.0,20000000.0,,6900000.0,85400000.0,,19200000.0,66200000.0,799900000.0,288900000.0,2700000.0,3600000.0,,,,,,239000000.0,182800000.0,56200000.0,43700000.0,-61600000.0,105300000.0,,105300000.0,51600000.0,,,,511000000.0,38400000.0,144400000.0,,110400000.0,1800000.0,4900000.0,194400000.0,-500000.0,194900000.0,127100000.0,127100000.0,0.0,0.288,117100000.0,,,44500000.0,47800000.0,325700000.0,117100000.0,69300000.0,-2700000.0,6800000.0,4100000.0,44500000.0,44500000.0,710200000.0,45158000.0,44838000.0,0.99,0.99,44500000.0,44500000.0,0.0,44500000.0,,44500000.0,44500000.0,18000000.0,62500000.0,,,,-2700000.0,,6800000.0,4100000.0,65200000.0,384500000.0,,,,,275300000.0,81900000.0,449700000.0,325700000.0,775500000.0,775500000.0,36000000.0,36000000.0,,,,,,,,,-100000.0,,34000000.0,,,,,,193400000.0,,,,-81900000.0,4500000.0,1100000.0,,,334200000.0,,,,,,,,,,,,,,65200000.0,109200000.0,,,100000.0,-23900000.0,,,,,,,,9900000.0,,,,,,,,,,,,,,,,,,,,,,,,,,,,,,,,,,,,,,,,,,,,,,,,,,,,,,,,,,,,,,,,,,,,,,,,,,,
IVSO.ST,2021-12-31,161.71,72400000.0,,-15000000.0,100000000.0,-18600000.0,134800000.0,157700000.0,5000000.0,-27900000.0,73000000.0,,,-30900000.0,,26900000.0,,85000000.0,85000000.0,-15000000.0,100000000.0,-191900000.0,-100000.0,-100000.0,-185600000.0,,-185600000.0,12500000.0,,-3700000.0,-3700000.0,91000000.0,-9000000.0,,28800000.0,-7100000.0,,21500000.0,,45100000.0,,45100000.0,-900000.0,0.0,23500000.0,,44540494.0,44540494.0,,119300000.0,181000000.0,502500000.0,251500000.0,181000000.0,34300000.0,417500000.0,482500000.0,417500000.0,,417500000.0,,,42300000.0,44500000.0,44500000.0,272500000.0,126900000.0,,35500000.0,91500000.0,26500000.0,65000000.0,,145600000.0,4400000.0,27800000.0,7800000.0,20000000.0,,5300000.0,60900000.0,,16600000.0,44300000.0,690000000.0,292900000.0,2400000.0,3200000.0,,,,,,236500000.0,182000000.0,54500000.0,50900000.0,-41500000.0,92400000.0,,92400000.0,40500000.0,,,,397100000.0,21100000.0,117500000.0,,93200000.0,3000000.0,3200000.0,117600000.0,-400000.0,118000000.0,134800000.0,134800000.0,0.0,0.384,71000000.0,,,14500000.0,45100000.0,252600000.0,71000000.0,25900000.0,-1300000.0,2400000.0,1100000.0,14500000.0,14500000.0,568200000.0,45060000.0,44358000.0,0.32,0.33,14500000.0,14500000.0,0.0,14500000.0,,14500000.0,14500000.0,9000000.0,23500000.0,,,,-1300000.0,,2400000.0,1100000.0,24800000.0,315600000.0,,,,,224700000.0,76500000.0,340400000.0,252600000.0,593000000.0,593000000.0,26900000.0,26900000.0,,,,,,,-100000.0,,-100000.0,,24300000.0,,,,,,148200000.0,,,,17200000.0,3900000.0,-400000.0,,,298700000.0,,,,,,,,,,,,,,24900000.0,90900000.0,,,-100000.0,-14900000.0,,,,,-100000.0,,,-2800000.0,,,,,,,,,,,,,,,,,,,,,,,,,,,,,,,,,,,,,,,,,,,,,,,,,,,,,,,,,,,,,,,,,,,,,,,,,,,
IVSO.ST,2020-12-31,245.96,,,0.0,0.0,,,,,,,100000.0,,,,,,,,0.0,0.0,,,,0.0,,0.0,0.0,,,,,,,,6700000.0,,,,12700000.0,,12700000.0,7800000.0,,,,,,,,,378900000.0,,,,,,,,,,,54700000.0,44100000.0,44100000.0,,,,,,,0.0,,,,,,0.0,,4900000.0,,,5700000.0,,,,,,,,,,,,,,,-25600000.0,,,,,,,,,6600000.0,,,106800000.0,,4900000.0,,-1100000.0,103300000.0,,,,,,,,,,,,,,12200000.0,1700000.0,,,,44781000.0,44098000.0,1.37,1.39,,,,,,,,,,,,,,,12200000.0,1700000.0,,,,,,,157500000.0,50500000.0,,,,,,,,,,,,,,,,,8900000.0,,,,,,107000000.0,,,,,3500000.0,0.0,,,272300000.0,,,,,,,,,,,,,,,56100000.0,,,,,,,,,,,,,,,,,,,,,,,,,,,,,,,,,,,,,,,,,,,,,,,,,,,,,,,,,,,,,,,,,,,,,,,,,,,,,,,,,,,,,,,
NSKFF,2024-12-31,113.3,11498000000.0,,-500000000.0,0.0,-2246000000.0,14293000000.0,5975000000.0,198000000.0,8120000000.0,-3862000000.0,,-319000000.0,-2463000000.0,,-100000000.0,,-500000000.0,-500000000.0,-500000000.0,0.0,-1762000000.0,-109000000.0,-109000000.0,-31000000.0,53000000.0,-84000000.0,,,-1667000000.0,-1787000000.0,13744000000.0,-865000000.0,,6581000000.0,,,-425000000.0,374000000.0,1521000000.0,459000000.0,1062000000.0,-9000000.0,,5144000000.0,14654.0,175907195.0,175921849.0,,4689000000.0,12720000000.0,21177000000.0,5478000000.0,12720000000.0,2189000000.0,18677000000.0,21177000000.0,19270000000.0,593000000.0,18677000000.0,,,11377000000.0,5928000000.0,5928000000.0,50144000000.0,6448000000.0,,1425000000.0,4262000000.0,1762000000.0,2500000000.0,73000000.0,43696000000.0,,427000000.0,427000000.0,0.0,1127000000.0,1490000000.0,5306000000.0,489000000.0,1525000000.0,3292000000.0,69414000000.0,20240000000.0,1000000.0,509000000.0,,101000000.0,,4634000000.0,,5957000000.0,2066000000.0,3891000000.0,8760000000.0,-7300000000.0,16060000000.0,1252000000.0,2264000000.0,3901000000.0,8183000000.0,460000000.0,0.0,49174000000.0,,7274000000.0,,2422000000.0,14589000000.0,,10662000000.0,-396000000.0,11058000000.0,14293000000.0,14293000000.0,-5037000.0,0.219,8617000000.0,-23000000.0,-23000000.0,5126000000.0,1521000000.0,17689000000.0,8594000000.0,7073000000.0,-374000000.0,489000000.0,322000000.0,5143963000.0,5126000000.0,42343000000.0,,,,,5126000000.0,5126000000.0,0.0,5126000000.0,-18000000.0,5144000000.0,5144000000.0,1441000000.0,6584000000.0,-23000000.0,,,-374000000.0,207000000.0,489000000.0,322000000.0,6529000000.0,24654000000.0,7392000000.0,1498000000.0,436000000.0,1062000000.0,,,31183000000.0,17689000000.0,48872000000.0,48872000000.0,-100000000.0,-100000000.0,322000000.0,184000000.0,,120000000.0,1441000000.0,,51000000.0,637000000.0,268000000.0,,766000000.0,,,,,23000000.0,,,,,-7331000000.0,,,,0.0,,,,,,,101000000.0,,2356000000.0,,,4086000000.0,14293000000.0,,,,,,-2000000.0,-459000000.0,,12691000000.0,,,,,,923000000.0,,,,,,,,,,,,,,,,,,,,,,,,,,,,,,,,,,,,,,,,,,,,,,,,,,,,,,,,,,,,,,,,,,,,,,,,,,,
NSKFF,2023-12-31,38.05,3444000000.0,-267000000.0,-463000000.0,1000000000.0,-2383000000.0,5975000000.0,3932000000.0,128000000.0,1915000000.0,-2759000000.0,14000000.0,-358000000.0,-2128000000.0,,-347000000.0,-267000000.0,537000000.0,537000000.0,-463000000.0,1000000000.0,-1153000000.0,-59000000.0,-59000000.0,952000000.0,1115000000.0,-163000000.0,,,-1931000000.0,-1980000000.0,5827000000.0,-1049000000.0,,976000000.0,,,-1355000000.0,264000000.0,1437000000.0,461000000.0,976000000.0,20000000.0,,3715000000.0,17250.0,175904599.0,175921849.0,,4890000000.0,10016000000.0,18968000000.0,4195000000.0,10016000000.0,1890000000.0,15968000000.0,18468000000.0,16465000000.0,497000000.0,15968000000.0,,,8855000000.0,5928000000.0,5928000000.0,36757000000.0,6068000000.0,,1377000000.0,3957000000.0,1457000000.0,2500000000.0,106000000.0,30689000000.0,1000000.0,933000000.0,433000000.0,500000000.0,994000000.0,1449000000.0,4171000000.0,429000000.0,874000000.0,2868000000.0,53222000000.0,18338000000.0,0.0,331000000.0,,225000000.0,,4259000000.0,,5952000000.0,2066000000.0,3886000000.0,7255000000.0,-6686000000.0,13941000000.0,1513000000.0,1895000000.0,3107000000.0,7023000000.0,403000000.0,0.0,34884000000.0,,6848000000.0,-1000000.0,2334000000.0,11451000000.0,,8722000000.0,-338000000.0,9060000000.0,5975000000.0,5975000000.0,-8815000.0,0.205,6494000000.0,-43000000.0,-43000000.0,3712000000.0,1437000000.0,15334000000.0,6451000000.0,5014000000.0,-263000000.0,339000000.0,120000000.0,3746185000.0,3712000000.0,35975000000.0,176080000.0,176080000.0,21.08,21.08,3712000000.0,3712000000.0,0.0,3712000000.0,-4000000.0,3715000000.0,3715000000.0,959000000.0,4675000000.0,-43000000.0,,,-263000000.0,44000000.0,339000000.0,120000000.0,4642000000.0,20641000000.0,5556000000.0,1394000000.0,422000000.0,972000000.0,,,25283000000.0,15334000000.0,40617000000.0,40617000000.0,-347000000.0,-347000000.0,120000000.0,170000000.0,,49000000.0,959000000.0,,50000000.0,578000000.0,298000000.0,,487000000.0,,,,,43000000.0,,,,,-4730000000.0,,,,-135000000.0,,,,,,,225000000.0,,1887000000.0,,,4028000000.0,5975000000.0,,,,,,-2000000.0,-403000000.0,,6837000000.0,,,1000000.0,,,838000000.0,,,,,,,,,,,,,,,,,,,,,,,,,,,,,,,,,,,,,,,,,,,,,,,,,,,,,,,,,,,,,,,,,,,,,,,,,,,
NSKFF,2022-12-31,26.18,28000000.0,-483000000.0,0.0,0.0,-1078000000.0,3932000000.0,8118000000.0,54000000.0,-4239000000.0,-4002000000.0,21000000.0,-296000000.0,-2736000000.0,,-583000000.0,-483000000.0,0.0,0.0,0.0,0.0,-1343000000.0,-43000000.0,-44000000.0,-595000000.0,6000000.0,-601000000.0,,,-622000000.0,-678000000.0,1106000000.0,-414000000.0,,-3081000000.0,,,-1187000000.0,221000000.0,1292000000.0,356000000.0,936000000.0,-21000000.0,,2809000000.0,693610.0,176619462.0,177313072.0,,4398000000.0,7754000000.0,15988000000.0,2808000000.0,7754000000.0,1945000000.0,13535000000.0,15538000000.0,13744000000.0,209000000.0,13535000000.0,1000000.0,,6911000000.0,5930000000.0,5930000000.0,29481000000.0,5384000000.0,,1112000000.0,3529000000.0,1526000000.0,2003000000.0,115000000.0,24097000000.0,,869000000.0,419000000.0,450000000.0,852000000.0,1563000000.0,3960000000.0,421000000.0,1017000000.0,2522000000.0,43225000000.0,16320000000.0,1000000.0,235000000.0,,238000000.0,,3868000000.0,,5781000000.0,2095000000.0,3686000000.0,5850000000.0,-6352000000.0,12202000000.0,422000000.0,1873000000.0,2815000000.0,6681000000.0,411000000.0,0.0,26905000000.0,,5493000000.0,,1605000000.0,8927000000.0,,6957000000.0,-445000000.0,7402000000.0,3932000000.0,3932000000.0,-4334000.0,0.197,5112000000.0,-22000000.0,-22000000.0,2773000000.0,1292000000.0,11210000000.0,5090000000.0,3798000000.0,-221000000.0,301000000.0,124000000.0,2790666000.0,2773000000.0,28472000000.0,177370000.0,177370000.0,15.64,15.64,2773000000.0,2773000000.0,0.0,2773000000.0,-37000000.0,2809000000.0,2809000000.0,687000000.0,3497000000.0,-22000000.0,,,-221000000.0,44000000.0,301000000.0,124000000.0,3331000000.0,17262000000.0,4752000000.0,1270000000.0,352000000.0,918000000.0,,,20593000000.0,11210000000.0,31803000000.0,31803000000.0,-583000000.0,-583000000.0,124000000.0,201000000.0,,56000000.0,687000000.0,,75000000.0,553000000.0,342000000.0,,746000000.0,,,,,22000000.0,,,1000000.0,,-4991000000.0,,,,0.0,,,,,,,238000000.0,,1596000000.0,,,3142000000.0,3932000000.0,,,,-1000000.0,,-1000000.0,-400000000.0,,3150000000.0,,,,,,449000000.0,,,,,,,,,,,,,,,,,,,,,,,,,,,,,,,,,,,,,,,,,,,,,,,,,,,,,,,,,,,,,,,,,,,,,,,,,,,
NSKFF,2021-12-31,12.2,4179000000.0,-91000000.0,-1521000000.0,500000000.0,-791000000.0,8118000000.0,7420000000.0,-84000000.0,782000000.0,-3419000000.0,15000000.0,-208000000.0,-1440000000.0,,-408000000.0,-91000000.0,-1021000000.0,-1021000000.0,-1521000000.0,500000000.0,-769000000.0,-155000000.0,-155000000.0,-38000000.0,47000000.0,-85000000.0,,,-555000000.0,-576000000.0,4970000000.0,-366000000.0,,1249000000.0,,,-174000000.0,185000000.0,1223000000.0,342000000.0,881000000.0,,,2290000000.0,613987.0,178219459.0,178833446.0,,4330000000.0,8431000000.0,15920000000.0,5460000000.0,8431000000.0,1880000000.0,13470000000.0,15920000000.0,13619000000.0,149000000.0,13470000000.0,1000000.0,,7079000000.0,5932000000.0,5932000000.0,25691000000.0,6527000000.0,,1281000000.0,3950000000.0,1500000000.0,2450000000.0,121000000.0,19164000000.0,-1000000.0,380000000.0,380000000.0,0.0,768000000.0,1596000000.0,3125000000.0,297000000.0,494000000.0,2334000000.0,39310000000.0,14686000000.0,2000000.0,248000000.0,,66000000.0,,3609000000.0,,5039000000.0,1900000000.0,3139000000.0,5617000000.0,-5611000000.0,11228000000.0,300000000.0,1845000000.0,2644000000.0,6053000000.0,386000000.0,0.0,24624000000.0,,4306000000.0,,1428000000.0,7138000000.0,,4518000000.0,-414000000.0,4932000000.0,8118000000.0,8118000000.0,-2376000.0,0.216,4376000000.0,-11000000.0,-11000000.0,2159000000.0,1223000000.0,9577000000.0,4365000000.0,3142000000.0,-205000000.0,220000000.0,45000000.0,2167624000.0,2159000000.0,24575000000.0,179020000.0,179020000.0,12.06,12.06,2159000000.0,2159000000.0,0.0,2159000000.0,-131000000.0,2290000000.0,2290000000.0,632000000.0,2922000000.0,-11000000.0,,,-205000000.0,30000000.0,220000000.0,45000000.0,2874000000.0,14998000000.0,3810000000.0,1213000000.0,341000000.0,872000000.0,,,17872000000.0,9577000000.0,27449000000.0,27449000000.0,-408000000.0,-408000000.0,45000000.0,147000000.0,,21000000.0,632000000.0,,71000000.0,1104000000.0,79000000.0,,508000000.0,,,,,11000000.0,,,,,-863000000.0,,,,,,,,,,,66000000.0,,545000000.0,,,2370000000.0,8118000000.0,,,,,,2000000.0,-215000000.0,,2170000000.0,,,-1000000.0,,0.0,404000000.0,,,,,,,,,,,,,,,,,,,,,,,,,,,,,,,,,,,,,,,,,,,,,,,,,,,,,,,,,,,,,,,,,,,,,,,,,,,
GMAB,2024-12-31,20.87,7467000000.0,-3879000000.0,-60000000.0,,-304000000.0,9858000000.0,14867000000.0,1046000000.0,-6055000000.0,-3919000000.0,-109000000.0,,,,-3879000000.0,-3879000000.0,-60000000.0,-60000000.0,-60000000.0,,-9907000000.0,2643000000.0,-8636000000.0,-12246000000.0,,-12246000000.0,-117000000.0,-117000000.0,-187000000.0,-187000000.0,7771000000.0,-343000000.0,935000000.0,-738000000.0,857000000.0,,-5000000.0,-875000000.0,413000000.0,78000000.0,335000000.0,-1339000000.0,,9164000000.0,2647007.0,63540179.0,66187186.0,,1029000000.0,21819000000.0,36697000000.0,22546000000.0,21819000000.0,1029000000.0,36697000000.0,36697000000.0,36697000000.0,,36697000000.0,,,23551000000.0,66000000.0,66000000.0,9114000000.0,3806000000.0,30000000.0,2359000000.0,937000000.0,937000000.0,,,5308000000.0,,92000000.0,92000000.0,,,,5192000000.0,3482000000.0,1710000000.0,,45811000000.0,17957000000.0,,908000000.0,,228000000.0,,,,14878000000.0,12343000000.0,2535000000.0,1891000000.0,-837000000.0,2728000000.0,103000000.0,913000000.0,991000000.0,,,0.0,27854000000.0,,62000000.0,,79000000.0,,101000000.0,6590000000.0,,,21101000000.0,9858000000.0,185237887.385421,0.144042,8411000000.0,1286000000.0,1286000000.0,7844000000.0,413000000.0,985000000.0,9697000000.0,9284000000.0,875000000.0,120000000.0,995000000.0,6743237887.385421,7844000000.0,14523000000.0,646329400.0,641866470.0,12.136,12.221,7844000000.0,7844000000.0,,7844000000.0,,7844000000.0,7844000000.0,1320000000.0,9164000000.0,-300000000.0,,300000000.0,875000000.0,,120000000.0,995000000.0,7003000000.0,13538000000.0,,,,,3790000000.0,,20541000000.0,985000000.0,21526000000.0,20530000000.0,,,,,,,,-247000000.0,,,,,0.0,11243000000.0,,,,,,,11279000000.0,-35000000.0,-1590000000.0,721000000.0,,,,12590000000.0,,480000000.0,,908000000.0,,228000000.0,,,,,4000000.0,,,6703000000.0,9748000000.0,,,,,,,,,,,,,,,-3919000000.0,129000000.0,-9907000000.0,7771000000.0,,857000000.0,115000000.0,413000000.0,78000000.0,-1586000000.0,490000000.0,,490000000.0,2839000000.0,24000000.0,24000000.0,5192000000.0,1710000000.0,52000000.0,228000000.0,,721000000.0,-21000000.0,6691000000.0,1286000000.0,,1586000000.0,,,,,,,,,,,,,,,,,,,,,,,,,,,,,,,,,,,,,,,,,,,,,,
GMAB,2023-12-31,31.84,7004000000.0,-564000000.0,-91000000.0,,-376000000.0,14867000000.0,9893000000.0,-518000000.0,5492000000.0,-606000000.0,-103000000.0,,,,-564000000.0,-564000000.0,-91000000.0,-91000000.0,-91000000.0,,-1282000000.0,-906000000.0,-10907000000.0,0.0,,0.0,-10000000.0,-10000000.0,-366000000.0,-366000000.0,7380000000.0,-1067000000.0,908000000.0,1362000000.0,622000000.0,,-57000000.0,-912000000.0,295000000.0,23000000.0,272000000.0,889000000.0,,5637000000.0,744170.0,65330365.0,66074535.0,,770000000.0,31509000000.0,31610000000.0,30655000000.0,31509000000.0,770000000.0,31610000000.0,31610000000.0,31610000000.0,,31610000000.0,,,19023000000.0,66000000.0,66000000.0,3679000000.0,1195000000.0,35000000.0,0.0,680000000.0,680000000.0,,,2484000000.0,,90000000.0,90000000.0,,,,2361000000.0,2307000000.0,54000000.0,,35289000000.0,2150000000.0,,212000000.0,87000000.0,134000000.0,,,,101000000.0,101000000.0,0.0,1641000000.0,-676000000.0,2317000000.0,39000000.0,686000000.0,908000000.0,686000000.0,,0.0,33139000000.0,,57000000.0,,59000000.0,,0.0,4947000000.0,,,28135000000.0,14867000000.0,-135863047.720419,0.227958,6598000000.0,-596000000.0,-596000000.0,4352000000.0,295000000.0,226000000.0,6002000000.0,5707000000.0,901000000.0,70000000.0,971000000.0,4812136952.279581,4352000000.0,11153000000.0,659147050.0,653097440.0,6.602,6.664,4352000000.0,4352000000.0,,4352000000.0,,4352000000.0,4352000000.0,1285000000.0,5637000000.0,0.0,,0.0,901000000.0,,70000000.0,971000000.0,5321000000.0,10927000000.0,,,,,3297000000.0,,16248000000.0,226000000.0,16474000000.0,15610000000.0,,,,,,,,-293000000.0,,,,,0.0,13268000000.0,,,,,,,10001000000.0,-25000000.0,797000000.0,586000000.0,,,,12461000000.0,,480000000.0,,212000000.0,,134000000.0,,,,,14000000.0,,,5321000000.0,7630000000.0,,,,,,,,,,,,,,,-606000000.0,152000000.0,-1282000000.0,7380000000.0,,622000000.0,0.0,295000000.0,23000000.0,596000000.0,60000000.0,,60000000.0,480000000.0,33000000.0,33000000.0,2361000000.0,54000000.0,62000000.0,134000000.0,47000000.0,684000000.0,-16000000.0,4947000000.0,-596000000.0,,-596000000.0,,,,,,,,,,,,,,,,,,,,,,,,,,,,,,,,,,,,,,,,,,,,,,
GMAB,2022-12-31,42.38,3595000000.0,-908000000.0,-73000000.0,,-317000000.0,9893000000.0,8957000000.0,574000000.0,362000000.0,-789000000.0,-88000000.0,,,,-908000000.0,-908000000.0,-73000000.0,-73000000.0,-73000000.0,,-2761000000.0,-2444000000.0,-9698000000.0,0.0,,0.0,0.0,0.0,-317000000.0,-317000000.0,3912000000.0,-1583000000.0,283000000.0,-1840000000.0,283000000.0,,0.0,-285000000.0,362000000.0,140000000.0,222000000.0,-1051000000.0,,6945000000.0,589948.0,65371625.0,65961573.0,,597000000.0,27136000000.0,27282000000.0,26395000000.0,27136000000.0,597000000.0,27282000000.0,27282000000.0,27282000000.0,,27282000000.0,,,14809000000.0,66000000.0,66000000.0,2837000000.0,1014000000.0,11000000.0,,523000000.0,523000000.0,,,1823000000.0,,74000000.0,74000000.0,,,,1716000000.0,1716000000.0,0.0,,30119000000.0,1901000000.0,,252000000.0,66000000.0,67000000.0,67000000.0,,,146000000.0,146000000.0,,1322000000.0,-495000000.0,1817000000.0,233000000.0,523000000.0,649000000.0,523000000.0,,0.0,28218000000.0,,0.0,,0.0,,182000000.0,5712000000.0,,,22324000000.0,9893000000.0,84485097.192225,0.214975,6953000000.0,393000000.0,393000000.0,5452000000.0,362000000.0,0.0,7346000000.0,6984000000.0,285000000.0,39000000.0,324000000.0,5143485097.192225,5452000000.0,8238000000.0,660096040.0,653873010.0,8.259,8.338,5452000000.0,5452000000.0,,5452000000.0,,5452000000.0,5452000000.0,1493000000.0,6945000000.0,0.0,,0.0,285000000.0,,39000000.0,324000000.0,6267000000.0,8238000000.0,,,,,2676000000.0,,14505000000.0,0.0,14505000000.0,13687000000.0,,,,,,,,658000000.0,,,,,0.0,12431000000.0,,,,,,,7254000000.0,-16000000.0,-2123000000.0,439000000.0,,,,12309000000.0,,480000000.0,,252000000.0,,,,,,,0.0,,,6267000000.0,5562000000.0,,,,,,,,,,,,,,,-789000000.0,280000000.0,-2761000000.0,3912000000.0,,283000000.0,0.0,362000000.0,140000000.0,-393000000.0,98000000.0,98000000.0,98000000.0,480000000.0,33000000.0,33000000.0,1716000000.0,0.0,48000000.0,133000000.0,67000000.0,412000000.0,0.0,5894000000.0,393000000.0,,393000000.0,,,,,,,,,,,,,,,,,,,,,,,,,,,,,,,,,,,,,,,,,,,,,,
GMAB,2021-12-31,39.56,1976000000.0,-447000000.0,-58000000.0,,-252000000.0,8957000000.0,7260000000.0,850000000.0,847000000.0,-420000000.0,-50000000.0,,,,-447000000.0,-447000000.0,-58000000.0,-58000000.0,-58000000.0,,-961000000.0,-709000000.0,-15616000000.0,,,,0.0,0.0,-252000000.0,-252000000.0,2228000000.0,-742000000.0,208000000.0,-705000000.0,304000000.0,,0.0,-216000000.0,248000000.0,,248000000.0,-1470000000.0,,3918000000.0,288325.0,65718456.0,66006781.0,,425000000.0,21942000000.0,22196000000.0,21168000000.0,21942000000.0,425000000.0,22196000000.0,22196000000.0,22196000000.0,,22196000000.0,,,10020000000.0,66000000.0,66000000.0,2431000000.0,863000000.0,13000000.0,,363000000.0,363000000.0,,13000000.0,1568000000.0,,62000000.0,62000000.0,,296000000.0,,1480000000.0,1480000000.0,,350000000.0,24627000000.0,1891000000.0,,264000000.0,27000000.0,344000000.0,344000000.0,,,254000000.0,254000000.0,,975000000.0,-368000000.0,1343000000.0,52000000.0,354000000.0,537000000.0,354000000.0,,0.0,22736000000.0,,,,,,31000000.0,3367000000.0,,,19338000000.0,8957000000.0,191562276.671771,0.245278,3398000000.0,781000000.0,781000000.0,2957000000.0,248000000.0,0.0,4179000000.0,3931000000.0,184000000.0,13000000.0,197000000.0,2367562276.671771,2957000000.0,5464000000.0,660457510.0,656343000.0,4.554,4.6,2957000000.0,2957000000.0,,2957000000.0,,2957000000.0,2957000000.0,961000000.0,3918000000.0,,,,184000000.0,,13000000.0,197000000.0,2953000000.0,5464000000.0,,,,,1283000000.0,,8417000000.0,0.0,8417000000.0,7886000000.0,0.0,0.0,,,,,,689000000.0,,,,,,10381000000.0,,,,,,,14907000000.0,-12000000.0,-1009000000.0,310000000.0,,,,12029000000.0,,487000000.0,,264000000.0,,,,,,,,,,2953000000.0,4181000000.0,,,,,,,,,,,,,,,-420000000.0,135000000.0,-961000000.0,2228000000.0,,304000000.0,,248000000.0,,-781000000.0,81000000.0,81000000.0,,487000000.0,26000000.0,26000000.0,1480000000.0,,27000000.0,371000000.0,,400000000.0,,3398000000.0,781000000.0,,781000000.0,,,,,,,,,,,,,,,,,,,,,,,,,,,,,,,,,,,,,,,,,,,,,,
GMAB,2020-12-31,40.66,,,,,,,,,,,,,,,,,,,,,,,,,,,,,,,,,,,,,,,,,,,,,,,,,,,,,,,,,,,,,,,,,,,,,,,,4000000.0,,,,,,134000000.0,,,,0.0,145000000.0,,,,,14000000.0,,1067000000.0,,,,,,,,,,,,,,,,,,,,,,,,,,,,,,,,,,,,,,,,,,,,,,,,,,,,,,,,,,,,,,,,,,,,,,661000000.0,,,,,0.0,0.0,,,,,,,,,,,,,,,,,,,,,,,,,,,,,,,,,,,,,,,,,,,,,,,,,,,,,,,,,,,,513000000.0,,,,,,,54000000.0,,,,,,0.0,,,,,,,,793000000.0,,661000000.0,,,,,,,,,,,,,,,,,,,,,,,,,,,,,,,,,,,,,,,,,,,,,
GN.CO,2024-12-31,133.75,1321000000.0,,-2492000000.0,0.0,-1404000000.0,980000000.0,2162000000.0,2000000.0,-1184000000.0,-2365000000.0,-32000000.0,,,,0.0,,-2234000000.0,-2492000000.0,-2492000000.0,0.0,-1544000000.0,,,49000000.0,135000000.0,-86000000.0,-1284000000.0,-1284000000.0,-120000000.0,-120000000.0,2725000000.0,-235000000.0,92000000.0,176000000.0,254000000.0,,85000000.0,-32000000.0,1379000000.0,,1379000000.0,,,1860000000.0,5300179.0,145613000.0,150913179.0,10060000000.0,11487000000.0,-6494000000.0,21864000000.0,1177000000.0,-6494000000.0,447000000.0,10824000000.0,19860000000.0,10824000000.0,,10824000000.0,,2725000000.0,13660000000.0,604000000.0,604000000.0,19787000000.0,11636000000.0,,1036000000.0,9398000000.0,362000000.0,9036000000.0,218000000.0,8151000000.0,3850000000.0,2089000000.0,85000000.0,2004000000.0,,305000000.0,1907000000.0,,280000000.0,1627000000.0,30611000000.0,21283000000.0,316000000.0,566000000.0,,,,453000000.0,453000000.0,17318000000.0,5960000000.0,11358000000.0,1088000000.0,-2001000000.0,3089000000.0,24000000.0,814000000.0,956000000.0,1295000000.0,,0.0,9328000000.0,,2585000000.0,,2000000000.0,801000000.0,289000000.0,4673000000.0,-186000000.0,4859000000.0,980000000.0,980000000.0,-7548000.0,0.222,3153000000.0,-34000000.0,-34000000.0,988000000.0,1379000000.0,8421000000.0,3119000000.0,1740000000.0,-482000000.0,379000000.0,92000000.0,1014452000.0,988000000.0,16197000000.0,145712000.0,145613000.0,6.78,6.79,988000000.0,988000000.0,0.0,988000000.0,-71000000.0,1059000000.0,1059000000.0,302000000.0,1361000000.0,72000000.0,-72000000.0,,-482000000.0,195000000.0,379000000.0,92000000.0,1788000000.0,7776000000.0,20000000.0,583000000.0,416000000.0,167000000.0,2372000000.0,671000000.0,9564000000.0,8421000000.0,17985000000.0,17985000000.0,0.0,0.0,,,0.0,,,9000000.0,954000000.0,30000000.0,50000000.0,,24000000.0,,,,,0.0,1701000000.0,,,-434000000.0,-163000000.0,-36000000.0,18000000.0,,-72000000.0,,,,473000000.0,,,,,,,,561000000.0,,,1860000000.0,1491000000.0,,,-189000000.0,,,,,,,,,,,,,,,,,,,,,,,,,,,,,,,,,,,,,,,,258000000.0,,,,,,,,,,,,,,,,,,,,,,,,,,,,,,,,,,,,,,,,,,,,
GN.CO,2023-12-31,171.8,1206000000.0,,-3273000000.0,254000000.0,-1432000000.0,2162000000.0,990000000.0,-13000000.0,1185000000.0,-312000000.0,71000000.0,,-32000000.0,,2668000000.0,,-3019000000.0,-3019000000.0,-3273000000.0,254000000.0,-1141000000.0,,,405000000.0,441000000.0,-36000000.0,-1322000000.0,-1339000000.0,-93000000.0,-93000000.0,2638000000.0,-175000000.0,81000000.0,438000000.0,172000000.0,,756000000.0,,1729000000.0,,1729000000.0,,,869000000.0,5300000.0,145612715.0,150912715.0,11039000000.0,13499000000.0,-7338000000.0,22788000000.0,-5458000000.0,-7338000000.0,298000000.0,9587000000.0,13114000000.0,9587000000.0,,9587000000.0,,2725000000.0,12781000000.0,604000000.0,604000000.0,21055000000.0,5413000000.0,,745000000.0,3738000000.0,211000000.0,3527000000.0,144000000.0,15642000000.0,3593000000.0,9761000000.0,87000000.0,9674000000.0,,340000000.0,1948000000.0,,229000000.0,1719000000.0,30642000000.0,20458000000.0,246000000.0,494000000.0,,,,412000000.0,412000000.0,16925000000.0,5771000000.0,11154000000.0,1036000000.0,-1864000000.0,2900000000.0,14000000.0,790000000.0,935000000.0,1161000000.0,,0.0,10184000000.0,,2657000000.0,,2008000000.0,854000000.0,69000000.0,4442000000.0,-182000000.0,4624000000.0,2162000000.0,2162000000.0,4928000.0,0.224,2376000000.0,22000000.0,22000000.0,228000000.0,1729000000.0,9175000000.0,2398000000.0,669000000.0,-458000000.0,326000000.0,63000000.0,210928000.0,228000000.0,17177000000.0,138991000.0,138883000.0,1.64,1.64,228000000.0,228000000.0,0.0,228000000.0,-38000000.0,266000000.0,266000000.0,77000000.0,343000000.0,-74000000.0,-61000000.0,,-458000000.0,195000000.0,326000000.0,63000000.0,943000000.0,8002000000.0,-8000000.0,664000000.0,470000000.0,194000000.0,2209000000.0,528000000.0,8945000000.0,9175000000.0,18120000000.0,18120000000.0,2668000000.0,2668000000.0,,,17000000.0,,,-5000000.0,777000000.0,9000000.0,25000000.0,,27000000.0,,,,,135000000.0,1681000000.0,,,-428000000.0,-490000000.0,18000000.0,172000000.0,,-61000000.0,,,,382000000.0,,,,,,,,622000000.0,,,869000000.0,1546000000.0,,,-131000000.0,,,,,,,,,,,,,,,,,,,,,,,,,,,,,,,,,,,,,,,,0.0,-3273000000.0,,,,,,,,,,,,,,,,,,,,,,,,,,,,,,,,,,,,,,,,,,,
GN.CO,2022-12-31,159.75,-1041000000.0,0.0,0.0,3560000000.0,-1668000000.0,990000000.0,6208000000.0,-14000000.0,-5204000000.0,3344000000.0,-30000000.0,,-208000000.0,,22000000.0,0.0,3560000000.0,1835000000.0,0.0,1835000000.0,-9175000000.0,,,-7257000000.0,0.0,-7257000000.0,-1454000000.0,-1459000000.0,-209000000.0,-209000000.0,627000000.0,-185000000.0,146000000.0,-1293000000.0,132000000.0,,-1032000000.0,,1534000000.0,,1534000000.0,,,1111000000.0,9220261.0,127973117.0,137193378.0,14892000000.0,16253000000.0,-10746000000.0,22682000000.0,-2368000000.0,-10746000000.0,371000000.0,6800000000.0,16666000000.0,6800000000.0,,6800000000.0,,,10514000000.0,549000000.0,549000000.0,23789000000.0,12055000000.0,,915000000.0,10128000000.0,262000000.0,9866000000.0,138000000.0,11734000000.0,3606000000.0,6125000000.0,109000000.0,6016000000.0,,223000000.0,1780000000.0,,226000000.0,1554000000.0,30589000000.0,21223000000.0,262000000.0,491000000.0,,,,456000000.0,456000000.0,17546000000.0,5976000000.0,11570000000.0,1255000000.0,-1778000000.0,3033000000.0,14000000.0,830000000.0,958000000.0,1231000000.0,,0.0,9366000000.0,,3516000000.0,,2754000000.0,722000000.0,107000000.0,4031000000.0,-174000000.0,4205000000.0,990000000.0,990000000.0,-78110000.0,0.214,2810000000.0,-365000000.0,-365000000.0,511000000.0,1534000000.0,9555000000.0,2445000000.0,911000000.0,-138000000.0,186000000.0,7000000.0,797890000.0,511000000.0,17567000000.0,128126000.0,127823000.0,3.99,4.0,511000000.0,511000000.0,0.0,511000000.0,-59000000.0,570000000.0,570000000.0,155000000.0,725000000.0,-9000000.0,9000000.0,,-138000000.0,-41000000.0,186000000.0,7000000.0,1120000000.0,8012000000.0,17000000.0,440000000.0,440000000.0,0.0,6150000000.0,1587000000.0,9132000000.0,9555000000.0,18687000000.0,18687000000.0,22000000.0,22000000.0,,,5000000.0,,,,867000000.0,7000000.0,157000000.0,,27000000.0,,,,,,4563000000.0,,,-744000000.0,-393000000.0,111000000.0,-44000000.0,,-9000000.0,,,,354000000.0,,,,,,,,735000000.0,,,1111000000.0,1405000000.0,,,-255000000.0,,,,,,,,,,,,,,,,,,,,,,,,,,,,,,,,,,,,,,,,1725000000.0,,1725000000.0,,,,,,,,,,,,,,,,,,,,,,,,,,,,,,,,,,,,,,,,,,
GN.CO,2021-12-31,409.23,588000000.0,-1166000000.0,-139000000.0,5551000000.0,-1524000000.0,6208000000.0,1657000000.0,16000000.0,4535000000.0,4187000000.0,-30000000.0,,-188000000.0,,-1007000000.0,-1166000000.0,5412000000.0,4995000000.0,-139000000.0,5134000000.0,-1764000000.0,,,-354000000.0,0.0,-354000000.0,-1063000000.0,-1067000000.0,-457000000.0,-457000000.0,2112000000.0,-571000000.0,101000000.0,-710000000.0,37000000.0,,-137000000.0,,1192000000.0,,1192000000.0,,,2397000000.0,10457899.0,127718083.0,138175982.0,4920000000.0,11566000000.0,-2107000000.0,17357000000.0,5833000000.0,-2107000000.0,438000000.0,6229000000.0,15742000000.0,6229000000.0,,6229000000.0,214000000.0,,10291000000.0,553000000.0,553000000.0,17323000000.0,11181000000.0,,402000000.0,9824000000.0,311000000.0,9513000000.0,221000000.0,6142000000.0,2704000000.0,1742000000.0,127000000.0,1615000000.0,,344000000.0,1352000000.0,,72000000.0,1280000000.0,23552000000.0,11577000000.0,210000000.0,389000000.0,,,,383000000.0,383000000.0,8336000000.0,2914000000.0,5422000000.0,1300000000.0,-1616000000.0,2916000000.0,18000000.0,752000000.0,923000000.0,1223000000.0,,0.0,11975000000.0,,1929000000.0,-19000000.0,1253000000.0,468000000.0,77000000.0,3293000000.0,-181000000.0,3474000000.0,6208000000.0,6208000000.0,-26500000.0,0.212,3679000000.0,-125000000.0,-125000000.0,1756000000.0,1192000000.0,7093000000.0,3554000000.0,2362000000.0,-45000000.0,91000000.0,2000000.0,1854500000.0,1756000000.0,13382000000.0,130194000.0,128816000.0,13.49,13.63,1756000000.0,1756000000.0,0.0,1756000000.0,-34000000.0,1790000000.0,1790000000.0,481000000.0,2271000000.0,4000000.0,-4000000.0,,-45000000.0,-44000000.0,91000000.0,2000000.0,2393000000.0,6289000000.0,-15000000.0,226000000.0,226000000.0,0.0,4689000000.0,1205000000.0,8682000000.0,7093000000.0,15775000000.0,15775000000.0,159000000.0,159000000.0,,,4000000.0,,,,727000000.0,7000000.0,59000000.0,,35000000.0,,,,,,3484000000.0,,,-320000000.0,-610000000.0,50000000.0,-16000000.0,,-11000000.0,,,,371000000.0,,,,,,,,660000000.0,,,2397000000.0,1389000000.0,,,110000000.0,,,,,,,,,,,,,,,,,,,,,,,,,,,,,,,,,,,,,,,,417000000.0,0.0,417000000.0,,,,,,,,,,,,,,,,,,,,,,,,,,,,,,,,,,,,,,,,,,
NVDA,2025-01-31,120.06,60853000000.0,-33706000000.0,-1250000000.0,,-3236000000.0,8589000000.0,7280000000.0,,1309000000.0,-42359000000.0,-7059000000.0,,-834000000.0,-834000000.0,-33706000000.0,-33706000000.0,-1250000000.0,-1250000000.0,-1250000000.0,,-20421000000.0,-16200000000.0,-28061000000.0,-1007000000.0,,-1007000000.0,,,-3236000000.0,-3236000000.0,64089000000.0,,,-9383000000.0,3357000000.0,-395000000.0,-4781000000.0,-502000000.0,1864000000.0,,,,,72880000000.0,,24477000000.0,24477000000.0,,10270000000.0,73332000000.0,87790000000.0,62079000000.0,73332000000.0,1807000000.0,79327000000.0,87790000000.0,79327000000.0,,79327000000.0,,,68038000000.0,24000000.0,24000000.0,32274000000.0,14227000000.0,2304000000.0,886000000.0,9982000000.0,1519000000.0,8463000000.0,,18047000000.0,228000000.0,288000000.0,288000000.0,,,1373000000.0,7191000000.0,,881000000.0,6310000000.0,111601000000.0,31475000000.0,2087000000.0,10979000000.0,,3387000000.0,3387000000.0,,,5995000000.0,807000000.0,5188000000.0,8076000000.0,-4401000000.0,12477000000.0,529000000.0,1793000000.0,7568000000.0,2076000000.0,511000000.0,0.0,80126000000.0,,10080000000.0,,3273000000.0,,,23065000000.0,,,43210000000.0,8589000000.0,0.0,0.133,86137000000.0,0.0,0.0,72880000000.0,1864000000.0,32639000000.0,86137000000.0,84273000000.0,1539000000.0,247000000.0,1786000000.0,72880000000.0,72880000000.0,49044000000.0,24804000000.0,24555000000.0,2.94,2.97,72880000000.0,72880000000.0,,72880000000.0,,72880000000.0,72880000000.0,11146000000.0,84026000000.0,0.0,,0.0,1539000000.0,,247000000.0,1786000000.0,81453000000.0,16405000000.0,,,,,3491000000.0,,97858000000.0,32639000000.0,130497000000.0,130497000000.0,,,,,,,-4477000000.0,-1030000000.0,79000000.0,,201000000.0,,3399000000.0,34621000000.0,,1034000000.0,,,,,11861000000.0,,-13063000000.0,4737000000.0,,,,11237000000.0,,976000000.0,,10979000000.0,,,,,,,3408000000.0,,,81453000000.0,12914000000.0,,,22000000.0,,,,,,3771000000.0,,,1221000000.0,,,-42359000000.0,490000000.0,-20421000000.0,64089000000.0,,7635000000.0,,1864000000.0,,-1030000000.0,28000000.0,28000000.0,,1862000000.0,837000000.0,837000000.0,15321000000.0,,750000000.0,3387000000.0,,,,23065000000.0,1034000000.0,,,,,,,246000000.0,15118000000.0,4278000000.0,3357000000.0,-13063000000.0,-4477000000.0,0.0,,,8130000000.0,,,,,,,,,,,,,,,,,,,,,,,,,,,,,,,,
NVDA,2024-01-31,61.5,27021000000.0,-9533000000.0,-1250000000.0,0.0,-1069000000.0,7280000000.0,3389000000.0,,3891000000.0,-13633000000.0,-2858000000.0,,-395000000.0,-395000000.0,-9533000000.0,-9533000000.0,-1250000000.0,-1250000000.0,-1250000000.0,0.0,-10566000000.0,-9290000000.0,-19073000000.0,-83000000.0,,-83000000.0,,,-1069000000.0,-1069000000.0,28090000000.0,,,-3722000000.0,1531000000.0,-1522000000.0,-98000000.0,-278000000.0,1508000000.0,614000000.0,894000000.0,,,29760000000.0,,24640000000.0,24640000000.0,2429000000.0,11056000000.0,37436000000.0,52687000000.0,33714000000.0,37436000000.0,1347000000.0,42978000000.0,51437000000.0,42978000000.0,,42978000000.0,,,29817000000.0,25000000.0,25000000.0,22750000000.0,12119000000.0,1441000000.0,462000000.0,9578000000.0,1119000000.0,8459000000.0,,10631000000.0,199000000.0,1478000000.0,228000000.0,1250000000.0,,415000000.0,2995000000.0,,296000000.0,2699000000.0,65728000000.0,21383000000.0,2822000000.0,6081000000.0,1546000000.0,1321000000.0,1321000000.0,,,5542000000.0,1112000000.0,4430000000.0,5260000000.0,-3509000000.0,8769000000.0,189000000.0,1346000000.0,5200000000.0,1816000000.0,218000000.0,0.0,44345000000.0,,5282000000.0,,2058000000.0,,,9999000000.0,,,25984000000.0,7280000000.0,0.0,0.12,35583000000.0,0.0,0.0,29760000000.0,1508000000.0,16621000000.0,35583000000.0,34075000000.0,609000000.0,257000000.0,866000000.0,29760000000.0,29760000000.0,27950000000.0,24940000000.0,24690000000.0,1.19,1.21,29760000000.0,29760000000.0,,29760000000.0,,29760000000.0,29760000000.0,4058000000.0,33818000000.0,0.0,,0.0,609000000.0,,257000000.0,866000000.0,32972000000.0,11329000000.0,,,,,2654000000.0,,44301000000.0,16621000000.0,60922000000.0,60922000000.0,,,,,,,-2489000000.0,-238000000.0,65000000.0,,357000000.0,,1505000000.0,18704000000.0,,237000000.0,,,,,9783000000.0,,-6172000000.0,3549000000.0,,,,13109000000.0,,573000000.0,,6081000000.0,,,,,,,1719000000.0,,,32972000000.0,8675000000.0,,,-124000000.0,,,,,,3080000000.0,,,514000000.0,,,-13633000000.0,403000000.0,-10566000000.0,28090000000.0,,3556000000.0,,1508000000.0,614000000.0,-238000000.0,27000000.0,27000000.0,,1035000000.0,764000000.0,764000000.0,7775000000.0,,,1321000000.0,,,,9999000000.0,237000000.0,,,,,,,252000000.0,6549000000.0,2025000000.0,1531000000.0,-6172000000.0,-2489000000.0,0.0,,1250000000.0,4780000000.0,,,,,,,,,,,,,,,,,,,,,,,,,,,,,,,,
NVDA,2023-01-31,19.52,3808000000.0,-10039000000.0,0.0,0.0,-1833000000.0,3389000000.0,1990000000.0,,1399000000.0,-11617000000.0,-1535000000.0,,-398000000.0,-398000000.0,-10039000000.0,-10039000000.0,0.0,0.0,0.0,0.0,7375000000.0,9257000000.0,-11982000000.0,-49000000.0,,-49000000.0,,,-1833000000.0,-1833000000.0,5641000000.0,,,-2207000000.0,-551000000.0,-1517000000.0,-2554000000.0,1346000000.0,1544000000.0,699000000.0,844000000.0,,,4368000000.0,,24661365720.0,24661365720.0,7564000000.0,12031000000.0,16053000000.0,33054000000.0,16510000000.0,16053000000.0,1078000000.0,22101000000.0,31804000000.0,22101000000.0,,22101000000.0,,,10171000000.0,2000000.0,2000000.0,19081000000.0,12518000000.0,1385000000.0,247000000.0,10605000000.0,902000000.0,9703000000.0,,6563000000.0,69000000.0,1426000000.0,176000000.0,1250000000.0,,108000000.0,1660000000.0,,467000000.0,1193000000.0,41182000000.0,18109000000.0,3376000000.0,3396000000.0,299000000.0,,,,,6048000000.0,1676000000.0,4372000000.0,4845000000.0,-2694000000.0,7539000000.0,382000000.0,1038000000.0,4303000000.0,1598000000.0,218000000.0,0.0,23073000000.0,,5159000000.0,,2263000000.0,,,3827000000.0,,,13296000000.0,3389000000.0,-284130000.0,0.21,7340000000.0,-1353000000.0,-1353000000.0,4368000000.0,1544000000.0,11618000000.0,5987000000.0,4443000000.0,5000000.0,262000000.0,267000000.0,5436870000.0,4368000000.0,21397000000.0,25070000000.0,24870000000.0,0.17,0.18,4368000000.0,4368000000.0,,4368000000.0,,4368000000.0,4368000000.0,-187000000.0,4181000000.0,-1353000000.0,,1353000000.0,5000000.0,,262000000.0,267000000.0,5577000000.0,9779000000.0,,,,,2440000000.0,,15356000000.0,11618000000.0,26974000000.0,26974000000.0,,,,,,,-2164000000.0,45000000.0,63000000.0,,145000000.0,,466000000.0,9907000000.0,,-48000000.0,,,,,21239000000.0,,822000000.0,2709000000.0,,,,11971000000.0,,218000000.0,,3396000000.0,,,,,,,2430000000.0,,,4224000000.0,7339000000.0,,,,,,,,,791000000.0,,,252000000.0,,,-11617000000.0,355000000.0,7375000000.0,5641000000.0,,790000000.0,,1544000000.0,699000000.0,45000000.0,-43000000.0,-43000000.0,,465000000.0,354000000.0,354000000.0,4606000000.0,,,299000000.0,,,,3827000000.0,-1401000000.0,,,,,,,254000000.0,1404000000.0,1341000000.0,-551000000.0,822000000.0,-2164000000.0,0.0,,1250000000.0,2946000000.0,,,,,,,,,,,,,,,,,,,,,,,,,,,,,,,,
NVDA,2022-01-31,24.44,8132000000.0,0.0,-1000000000.0,4977000000.0,-976000000.0,1990000000.0,847000000.0,,1143000000.0,1865000000.0,-1994000000.0,,-399000000.0,-399000000.0,0.0,0.0,3977000000.0,3977000000.0,-1000000000.0,4977000000.0,-9830000000.0,-8591000000.0,-24811000000.0,-263000000.0,,-263000000.0,,,-976000000.0,-976000000.0,9108000000.0,,,-3363000000.0,568000000.0,-1715000000.0,-774000000.0,47000000.0,1174000000.0,563000000.0,611000000.0,,,9752000000.0,,25060000000.0,25060000000.0,8956000000.0,11831000000.0,19924000000.0,37558000000.0,24494000000.0,19924000000.0,885000000.0,26612000000.0,37558000000.0,26612000000.0,,26612000000.0,,0.0,16235000000.0,3000000.0,3000000.0,17575000000.0,13240000000.0,1057000000.0,245000000.0,11687000000.0,741000000.0,10946000000.0,,4335000000.0,371000000.0,144000000.0,144000000.0,,,,1915000000.0,,132000000.0,1783000000.0,44187000000.0,15358000000.0,3509000000.0,1222000000.0,266000000.0,,,,,6688000000.0,2339000000.0,4349000000.0,3607000000.0,-1903000000.0,5510000000.0,737000000.0,829000000.0,2852000000.0,874000000.0,218000000.0,0.0,28829000000.0,366000000.0,2605000000.0,,1122000000.0,,,4650000000.0,,,21208000000.0,1990000000.0,0.0,0.019,11351000000.0,0.0,0.0,9752000000.0,1174000000.0,9439000000.0,11351000000.0,10177000000.0,-207000000.0,236000000.0,29000000.0,9752000000.0,9752000000.0,16873000000.0,25350000000.0,24960000000.0,0.385,0.391,9752000000.0,9752000000.0,,9752000000.0,,9752000000.0,9752000000.0,189000000.0,9941000000.0,0.0,,0.0,-207000000.0,,236000000.0,29000000.0,10041000000.0,7434000000.0,,,,,2166000000.0,,17475000000.0,9439000000.0,26914000000.0,26914000000.0,,,,,,,-406000000.0,-100000000.0,49000000.0,,66000000.0,,692000000.0,19218000000.0,,107000000.0,,,,,16220000000.0,,-2215000000.0,2004000000.0,,,,10385000000.0,,202000000.0,,1222000000.0,,,,,,,791000000.0,,,10041000000.0,5268000000.0,,,,,,,,,366000000.0,,,192000000.0,,,1865000000.0,281000000.0,-9830000000.0,9108000000.0,,1149000000.0,,1174000000.0,563000000.0,-100000000.0,-11000000.0,-11000000.0,,447000000.0,300000000.0,300000000.0,3520000000.0,,,266000000.0,,,,4650000000.0,107000000.0,,,,,,,246000000.0,396000000.0,581000000.0,568000000.0,-2215000000.0,-406000000.0,0.0,,,1605000000.0,,,,,,,,,,,,,,,,,,,,,,,,,,,,,,,,
LLY,2024-12-31,770.67,414300000.0,-2500000000.0,-664200000.0,11417100000.0,-8403600000.0,3268400000.0,2818600000.0,-296700000.0,746500000.0,1230100000.0,-490600000.0,,-4680400000.0,-4680400000.0,-2500000000.0,-2500000000.0,8901100000.0,10752900000.0,-664200000.0,11417100000.0,-9301500000.0,-253300000.0,-775800000.0,-947700000.0,,-947700000.0,-2744500000.0,-3345800000.0,-5057800000.0,-5057800000.0,8817900000.0,,,-5385000000.0,2608800000.0,-3331200000.0,-2507400000.0,4057800000.0,1766600000.0,,,,-223800000.0,10590000000.0,50365000.0,897538000.0,947903000.0,30375800000.0,33644200000.0,2255500000.0,47836300000.0,4363100000.0,2255500000.0,,14192100000.0,42719200000.0,14271600000.0,79500000.0,14192100000.0,-3013200000.0,49500000.0,13545000000.0,592400000.0,592400000.0,64443300000.0,36066700000.0,4060900000.0,,28527100000.0,,28527100000.0,,28376600000.0,5051400000.0,5117100000.0,,5117100000.0,2093900000.0,,4574900000.0,,,3228600000.0,78714900000.0,45975200000.0,,8000600000.0,,1209400000.0,998000000.0,2006500000.0,,11936600000.0,6166300000.0,5770300000.0,17102400000.0,-11789000000.0,28891400000.0,8244800000.0,11457800000.0,,8806800000.0,382000000.0,0.0,32739700000.0,8340500000.0,7589200000.0,,1220800000.0,2269700000.0,,11005700000.0,-14900000.0,11020600000.0,3423200000.0,3268400000.0,-691432500.0,0.165,19418100000.0,-4190500000.0,-4190500000.0,10590000000.0,1766600000.0,8418300000.0,15227600000.0,13461000000.0,-605400000.0,780600000.0,175200000.0,14089067500.0,10590000000.0,27541000000.0,904059000.0,897538000.0,11.71,11.798943,10590000000.0,10590000000.0,,10590000000.0,,10590000000.0,10590000000.0,2090400000.0,12680400000.0,-4141000000.0,3715400000.0,,-605400000.0,,780600000.0,175200000.0,17501700000.0,19122700000.0,,,,,8132100000.0,8132100000.0,36624400000.0,8418300000.0,45042700000.0,45042700000.0,,,,,601300000.0,,-2683100000.0,,2178200000.0,1300500000.0,5719700000.0,,3979500000.0,154800000.0,,-25400000.0,425600000.0,,,,522500000.0,,-2155200000.0,645600000.0,,,,7439300000.0,,,,8000600000.0,,,,,,,2326000000.0,,,,10990600000.0,,,-298200000.0,,,,211400000.0,,111400000.0,,,,,,1230100000.0,,-9301500000.0,8817900000.0,,2608800000.0,,1766600000.0,,-174000000.0,-4321900000.0,-4321900000.0,,,,,16114200000.0,,,3215900000.0,,,62900000.0,13275400000.0,-4215900000.0,,-49500000.0,8593800000.0,-1851800000.0,,,,,,2608800000.0,,-2683100000.0,,1300500000.0,,11539300000.0,,,,1346300000.0,,-461700000.0,,,,,,,,,,,,,,,,,,,,,,,,,,
LLY,2023-12-31,578.14,-3152000000.0,-750000000.0,0.0,3958500000.0,-7392100000.0,2818600000.0,2067000000.0,168600000.0,583000000.0,3495600000.0,-335000000.0,,-4069300000.0,-4069300000.0,-750000000.0,-750000000.0,8649900000.0,3958500000.0,0.0,3958500000.0,-7152700000.0,-128700000.0,-829000000.0,-1044300000.0,,-1044300000.0,-2340200000.0,-3944500000.0,-3447600000.0,-3447600000.0,4240100000.0,,,-3055000000.0,4274400000.0,-3453400000.0,-1425000000.0,4095300000.0,1527300000.0,,,,-1878900000.0,5240400000.0,50402000.0,899379000.0,949781000.0,22406700000.0,25225300000.0,-1074400000.0,35997200000.0,-1566200000.0,-1074400000.0,,10771900000.0,29092700000.0,10863700000.0,91800000.0,10771900000.0,-3013200000.0,44200000.0,10312300000.0,593600000.0,593600000.0,53142600000.0,25849400000.0,3849200000.0,,18320800000.0,,18320800000.0,,27293200000.0,3281300000.0,6904500000.0,,6904500000.0,1650400000.0,,3768000000.0,,,2598800000.0,64006300000.0,38279300000.0,,5477300000.0,,1481900000.0,1267600000.0,1570300000.0,,11846300000.0,6906600000.0,4939700000.0,12913600000.0,-11099300000.0,24012900000.0,5084100000.0,10329000000.0,,8280000000.0,319800000.0,0.0,25727000000.0,5540800000.0,5772800000.0,,791700000.0,2245700000.0,,9090500000.0,-14800000.0,9105300000.0,2927700000.0,2818600000.0,-781427700.0,0.201,12455500000.0,-3887700000.0,-3887700000.0,5240400000.0,1527300000.0,7082200000.0,8567800000.0,7040500000.0,-312300000.0,485900000.0,173600000.0,8346672300.0,5240400000.0,23336800000.0,903284000.0,899379000.0,5.8,5.826687,5240400000.0,5240400000.0,,5240400000.0,,5240400000.0,5240400000.0,1314200000.0,6554600000.0,-3867500000.0,3799800000.0,45500000.0,-312300000.0,,485900000.0,173600000.0,10787300000.0,16254600000.0,,,,,6941200000.0,6941200000.0,27041900000.0,7082200000.0,34124100000.0,34124100000.0,,,,,1604300000.0,,-2341000000.0,,2240600000.0,1438800000.0,4989900000.0,,3248600000.0,109100000.0,,-32700000.0,67700000.0,,,,700300000.0,,-2451000000.0,628500000.0,,,,7250400000.0,,,,5477300000.0,,,,,,,1630100000.0,1088400000.0,1730200000.0,,9313400000.0,,,-191900000.0,,,-3453400000.0,214300000.0,,149500000.0,,,,,,3495600000.0,,-7152700000.0,4240100000.0,,4274400000.0,,1527300000.0,,-1855400000.0,-4327000000.0,-4327000000.0,,,,,15457000000.0,,,3052200000.0,,,102400000.0,11336200000.0,-3920400000.0,,-20200000.0,7403100000.0,4691400000.0,,,,,,4274400000.0,,-2341000000.0,,1438800000.0,,11689000000.0,,,,1169200000.0,,-461900000.0,,,,,,,,,,,,,,,,,,,,,,,,,,
LLY,2022-12-31,359.3,4600400000.0,-1500000000.0,-1560000000.0,0.0,-2985300000.0,2067000000.0,3818500000.0,-167600000.0,-1583900000.0,-5406700000.0,-308900000.0,,-3535800000.0,-3535800000.0,-1500000000.0,-1500000000.0,-62000000.0,-1560000000.0,-1560000000.0,0.0,-3762900000.0,-244000000.0,-707600000.0,-327200000.0,,-327200000.0,-1035200000.0,-1131000000.0,-1854300000.0,-1854300000.0,7585700000.0,,,-800000.0,1692000000.0,-793500000.0,-599700000.0,1369800000.0,1522500000.0,,,,-156500000.0,6244800000.0,450000.0,950182000.0,950632000.0,14171600000.0,16238600000.0,-629800000.0,26888400000.0,896300000.0,-629800000.0,,10649800000.0,25387300000.0,10775400000.0,125600000.0,10649800000.0,-3013200000.0,50500000.0,10042600000.0,594100000.0,594100000.0,38714400000.0,21576200000.0,3709600000.0,87300000.0,14737500000.0,,14737500000.0,,17138200000.0,2845400000.0,1501100000.0,,1501100000.0,1059800000.0,,2947800000.0,,475100000.0,1930600000.0,49489800000.0,31455300000.0,,2792900000.0,,1642300000.0,1428400000.0,1259500000.0,,11279600000.0,7206600000.0,4073000000.0,10144000000.0,-10233400000.0,20377400000.0,2798600000.0,9406300000.0,,7915900000.0,256600000.0,0.0,18034500000.0,2946800000.0,4309700000.0,,901200000.0,1662900000.0,,6896000000.0,-16000000.0,6912000000.0,2211800000.0,2067000000.0,-129795400.0,0.083,10224300000.0,-1563800000.0,-1563800000.0,6244800000.0,1522500000.0,6629800000.0,8660500000.0,7138000000.0,-268800000.0,331600000.0,62800000.0,7678804600.0,6244800000.0,19888100000.0,950182000.0,950182000.0,6.572215,6.572215,6244800000.0,6244800000.0,,6244800000.0,,6244800000.0,6244800000.0,561600000.0,6806400000.0,-1153100000.0,908500000.0,23000000.0,-268800000.0,,331600000.0,62800000.0,8653300000.0,13258300000.0,,,,,6067500000.0,6067500000.0,21911600000.0,6629800000.0,28541400000.0,28541400000.0,,,,,95800000.0,,-2185200000.0,,1824000000.0,1305100000.0,4337000000.0,,2597700000.0,144800000.0,,-14300000.0,244600000.0,,,,463600000.0,,-299600000.0,371100000.0,,,,6921400000.0,,,,2792900000.0,,,,,,,801900000.0,657400000.0,1409600000.0,,7190800000.0,,,-302200000.0,,,-793500000.0,213900000.0,,7300000.0,,,,,,-5406700000.0,,-3762900000.0,7585700000.0,,1692000000.0,,1522500000.0,,263500000.0,-3844600000.0,-3844600000.0,,87300000.0,,,11731900000.0,475100000.0,,2901800000.0,,,8900000.0,8558900000.0,-1578100000.0,,-410700000.0,6440400000.0,1498000000.0,,,,,,1692000000.0,,-2185200000.0,,1305100000.0,,8784100000.0,,346600000.0,346600000.0,1017200000.0,,-372900000.0,,,,,,,,,,,,,,,,,,,,,,,,,,
LLY,2021-12-31,267.62,5387500000.0,-1250000000.0,-1905400000.0,2410800000.0,-1978400000.0,3818500000.0,3657100000.0,-205700000.0,367100000.0,-4131300000.0,-295900000.0,,-3086800000.0,-3086800000.0,-1250000000.0,-1250000000.0,501400000.0,505400000.0,-1905400000.0,2410800000.0,-2867500000.0,-166000000.0,-1013400000.0,-747400000.0,0.0,-747400000.0,-452600000.0,-668600000.0,-1309800000.0,-1309800000.0,7365900000.0,,,-1012600000.0,-1013800000.0,,-235900000.0,1697500000.0,1547600000.0,,,,-216000000.0,5581700000.0,463000.0,953653000.0,954116000.0,13066200000.0,16884700000.0,-2604700000.0,25863900000.0,3399700000.0,-2604700000.0,,8979200000.0,24325600000.0,9154800000.0,175600000.0,8979200000.0,-3013200000.0,52700000.0,8958500000.0,596300000.0,596300000.0,39651200000.0,24598500000.0,3920000000.0,1733700000.0,15346400000.0,,15346400000.0,,15052700000.0,3027500000.0,1538300000.0,,1538300000.0,958100000.0,,2683000000.0,,126900000.0,1670600000.0,48806000000.0,30353600000.0,,2489300000.0,,,,,,11583900000.0,7691900000.0,3892000000.0,8985100000.0,-9976700000.0,18961800000.0,2177800000.0,8937200000.0,,7588100000.0,258700000.0,0.0,18452400000.0,2530600000.0,3886000000.0,,761900000.0,1454400000.0,,6672800000.0,-22500000.0,6695300000.0,3908600000.0,3818500000.0,-140848500.0,0.093,9557400000.0,-1514500000.0,-1514500000.0,5581700000.0,1547600000.0,7312800000.0,8042900000.0,6495300000.0,-314400000.0,339800000.0,25400000.0,6955351500.0,5581700000.0,20385400000.0,953653000.0,953653000.0,5.852967,5.852967,5581700000.0,5581700000.0,,5581700000.0,,5581700000.0,5581700000.0,573800000.0,6155500000.0,-1691400000.0,1375300000.0,13000000.0,-314400000.0,,339800000.0,25400000.0,7933000000.0,13072600000.0,,,,,6141900000.0,6141900000.0,21005600000.0,7312800000.0,28318400000.0,28318400000.0,,,,,216000000.0,,-802300000.0,,1644300000.0,1954100000.0,4082700000.0,,2372700000.0,90100000.0,,51400000.0,303100000.0,,,,847400000.0,,-1278300000.0,342800000.0,,,0.0,6833400000.0,,,,2489300000.0,,,,,,,717200000.0,2379500000.0,1439000000.0,,6930700000.0,,,-191700000.0,,,1515400000.0,,,2530600000.0,,0.0,,,,-4131300000.0,,-2867500000.0,7365900000.0,,-1013800000.0,,1547600000.0,,11200000.0,-4343100000.0,-4343100000.0,,1733700000.0,,,9528800000.0,126900000.0,,3212600000.0,,,34200000.0,8127200000.0,-1463100000.0,,176900000.0,6431600000.0,-4000000.0,,,,,,-1013800000.0,,-802300000.0,,1954100000.0,,6845800000.0,,-359700000.0,-359700000.0,885500000.0,0.0,-289700000.0,,,,,,,,,,,,,,,,,,,,,,,,,,
LLY,2020-12-31,161.14,,,,,,,,,,,,,,,,,,,,,,,,,0.0,,,,,,,,,,,,,,,,,,,,,,,,,,,,,,,,,,,,,,,,,,,2099900000.0,,,,,,,,,,,,,,495100000.0,,,,,,,,,,,,,,,,,,,8560900000.0,,,,,,,,,,,,,,,,,,,,,,,,,,,,,,,,,,,,,,,,,,,,,,,151200000.0,,,,,,,,,,,,,,,,,,,,,,,,,,,,,,,,,,131200000.0,,,,,,,,,0.0,,,,,,,,,,,,,2097900000.0,1559200000.0,,,,,,,,-457100000.0,,,,,0.0,,,,,,,,,,,,,,,,,2099900000.0,,,,495100000.0,,,,,,,,,,,,,,,,,,,,,,,,,322000000.0,322000000.0,,0.0,,,,,,,,,,,,,,,,,,,,,,,,,,,
DANSKE.CO,2024-12-31,195.88,-94729000000.0,-5246000000.0,-47094000000.0,40446000000.0,-2260000000.0,242100000000.0,365609000000.0,1871000000.0,-125380000000.0,-30677000000.0,,,-18207000000.0,-18207000000.0,-5246000000.0,-5246000000.0,-6648000000.0,-6648000000.0,-47094000000.0,40446000000.0,-2234000000.0,,,26000000.0,26000000.0,,-1270000000.0,-1270000000.0,-990000000.0,-990000000.0,-92469000000.0,-10335000000.0,,-114046000000.0,,,,-39000000.0,1026000000.0,,1026000000.0,,,31212000000.0,28367202.0,833817419.0,862184621.0,933913000000.0,1126723000000.0,168950000000.0,1298623000000.0,,168950000000.0,,175687000000.0,1298623000000.0,175687000000.0,,175687000000.0,,,158157000000.0,8622000000.0,8622000000.0,3540355000000.0,,,,1126723000000.0,,,,,,,,,,,58149000000.0,,2225000000.0,55924000000.0,3716042000000.0,,,,,877122000000.0,316660000000.0,396000000.0,396000000.0,6737000000.0,2299000000.0,4438000000.0,10767000000.0,,10767000000.0,,10767000000.0,,,,,,9727000000.0,,,,,5814000000.0,,,,,189023000000.0,-7290000.0,0.243,,-30000000.0,-30000000.0,23629000000.0,1026000000.0,,,,36695000000.0,43831000000.0,80526000000.0,23651710000.0,23629000000.0,,849730365.0,848074304.0,27.8,27.9,23629000000.0,23629000000.0,,23629000000.0,,23629000000.0,23629000000.0,7583000000.0,31212000000.0,-30000000.0,-244000000.0,213000000.0,,,,,,25459000000.0,1787000000.0,1738000000.0,,1738000000.0,8291000000.0,8291000000.0,,,56415000000.0,56415000000.0,,,,,,,,,,,,,,,,,,61000000.0,,,,,,,-544000000.0,,,,254500000000.0,,907000000.0,,,28631000000.0,,,,,,,6909000000.0,,,,,,,,-103345000000.0,,396000000.0,,,,,,,,,,,,,,,,,,,,,,,,,,877518000000.0,270785000000.0,,,7352000000.0,,,,,,,,,,,,,,,,,,,,,,,,573072000000.0,,,,,,,,,,,,,,,,,,,,,,,,,
DANSKE.CO,2023-12-31,156.31,140119000000.0,0.0,-23696000000.0,22425000000.0,-1381000000.0,365609000000.0,232531000000.0,794000000.0,132284000000.0,-7887000000.0,,0.0,-6011000000.0,-6011000000.0,0.0,0.0,-1271000000.0,-1271000000.0,-23696000000.0,22425000000.0,-1329000000.0,,,45000000.0,45000000.0,,-540000000.0,-540000000.0,-834000000.0,-841000000.0,141500000000.0,-4565000000.0,,110957000000.0,,,,3810000000.0,4244000000.0,,4244000000.0,,,26682000000.0,2410915.0,859773706.0,862184621.0,820288000000.0,1102243000000.0,169675000000.0,1273880000000.0,,169675000000.0,,175739000000.0,1273880000000.0,175739000000.0,,175739000000.0,,,163596000000.0,8622000000.0,8622000000.0,3553553000000.0,,,,1102243000000.0,,,,,,,,,,,47464000000.0,,1557000000.0,45907000000.0,3729292000000.0,,,,,858363000000.0,333524000000.0,612000000.0,612000000.0,6064000000.0,1627000000.0,4437000000.0,11428000000.0,,11428000000.0,,11428000000.0,,,,,,10811000000.0,,,,,3264000000.0,,,,,277853000000.0,-194677000.0,0.203,,-959000000.0,-959000000.0,21262000000.0,4244000000.0,,,,34972000000.0,41085000000.0,76057000000.0,22026323000.0,21262000000.0,,860043309.0,858899954.0,24.7,24.8,21262000000.0,21262000000.0,,21262000000.0,,21262000000.0,21262000000.0,5420000000.0,26682000000.0,-959000000.0,555000000.0,378000000.0,,,,,,25075000000.0,1837000000.0,1566000000.0,,1566000000.0,8156000000.0,8156000000.0,,,53087000000.0,53087000000.0,,,,,,7000000.0,,,,,,,,,,,,26000000.0,,,,,,,262000000.0,,,,324984000000.0,,806000000.0,,,21291000000.0,,,,,,,6419000000.0,,,,,,,,3403000000.0,,157000000.0,,,,,,,,,,,,,,,,,,,,,,,,,,858975000000.0,196467000000.0,,,7264000000.0,,,,,,,,,,,,,,,,,,,,,,,,550695000000.0,,,,,,,,,,,,,,,,,,,,,,,,,
DANSKE.CO,2022-12-31,113.92,-110743000000.0,,-30590000000.0,20052000000.0,-1386000000.0,232531000000.0,362997000000.0,-3322000000.0,-127144000000.0,-18437000000.0,-5419000000.0,-164000000.0,-1705000000.0,-1705000000.0,,,-10538000000.0,-10538000000.0,-30590000000.0,20052000000.0,650000000.0,,,2032000000.0,,,-560000000.0,-560000000.0,-822000000.0,-826000000.0,-109357000000.0,-3025000000.0,,-126094000000.0,,,,-168000000.0,4706000000.0,,4706000000.0,,,-1697000000.0,11237849.0,850946772.0,862184621.0,852360000000.0,1053562000000.0,154233000000.0,1211097000000.0,,154233000000.0,,160278000000.0,1211097000000.0,160278000000.0,,160278000000.0,,,155812000000.0,8622000000.0,8622000000.0,3630278000000.0,,,,1053562000000.0,,,,,,,,,,,45560000000.0,,2103000000.0,43457000000.0,3790556000000.0,,,,,992961000000.0,334741000000.0,536000000.0,536000000.0,6045000000.0,1618000000.0,4427000000.0,10201000000.0,,10201000000.0,,10201000000.0,,,,,,17048000000.0,,,,,5199000000.0,,,,,198459000000.0,-3361380000.0,0.22,,-15279000000.0,-15279000000.0,-4580000000.0,4706000000.0,,,,25351000000.0,24634000000.0,49985000000.0,8964620000.0,-4580000000.0,,862922306.0,858331842.0,-5.4,-5.4,-4666000000.0,-4666000000.0,86000000.0,-4580000000.0,,-4580000000.0,-4580000000.0,2883000000.0,-1697000000.0,-15279000000.0,13290000000.0,321000000.0,,,,,,28980000000.0,888000000.0,5388000000.0,,5388000000.0,9738000000.0,9738000000.0,,,44054000000.0,44054000000.0,,,,,,4000000.0,,,,,,,,,,,,41000000.0,,,,,,,16929000000.0,,,,435141000000.0,,1486000000.0,,,19421000000.0,,,,,,,6630000000.0,,,,,,,,61653000000.0,,146000000.0,,,,,,,,,,,,,,,,,,,,,,,,,,993497000000.0,208676000000.0,,,2256000000.0,,,,,,,,,,,,,,,,,,,,,,,,446211000000.0,,,,,,,,,,,,,,,,,,,,,,,,,
DANSKE.CO,2021-12-31,92.09,-39133000000.0,,-10027000000.0,14454000000.0,-1571000000.0,362997000000.0,400889000000.0,2634000000.0,-40526000000.0,-1401000000.0,-3000000000.0,-466000000.0,-1708000000.0,-1708000000.0,,,4427000000.0,4427000000.0,-10027000000.0,14454000000.0,-1563000000.0,,,0.0,,,-885000000.0,-885000000.0,-678000000.0,-686000000.0,-37562000000.0,-2459000000.0,,-56590000000.0,,,,74000000.0,4876000000.0,,4876000000.0,,,16571000000.0,8832178.0,853352443.0,862184621.0,841265000000.0,1171982000000.0,167885000000.0,1344777000000.0,,167885000000.0,,176704000000.0,1344777000000.0,176704000000.0,,176704000000.0,5497000000.0,,161439000000.0,8622000000.0,8622000000.0,3759130000000.0,,,,1171982000000.0,,,,,,,,,,,46679000000.0,,1864000000.0,44815000000.0,3935834000000.0,,,,,890022000000.0,342671000000.0,206000000.0,206000000.0,8819000000.0,2688000000.0,6131000000.0,12505000000.0,,12505000000.0,,12505000000.0,,,,,,18558000000.0,,,,,4510000000.0,,,,,326808000000.0,40906000.0,0.226,,181000000.0,181000000.0,12920000000.0,4876000000.0,,,,26773000000.0,30904000000.0,57677000000.0,12779906000.0,12920000000.0,,853974744.0,853352805.0,14.6,14.6,12469000000.0,12469000000.0,451000000.0,12920000000.0,,12920000000.0,12920000000.0,3651000000.0,16571000000.0,181000000.0,-180000000.0,-37000000.0,,,,,,30823000000.0,1972000000.0,5969000000.0,,5969000000.0,8704000000.0,8704000000.0,,,47358000000.0,47358000000.0,,,,,,8000000.0,,,,,,,,,,,,36000000.0,,,,,,,141000000.0,,,,242004000000.0,,2451000000.0,,,37760000000.0,,,,,,,6765000000.0,,,,,,,,42387000000.0,,2263000000.0,,,,,,,,,,,,,,,,,,,,,,,,,,890228000000.0,249367000000.0,,,3450000000.0,,,,,,,,,,,,,,,,,,,,,,,,580762000000.0,,,,,,,,,,,,,,,,,,,,,,,,,
DANSKE.CO,2020-12-31,80.72,,,,,,,,,,,-5600000000.0,-625000000.0,,,,,,,,,,,,,,,,,,,,,,,,,,,,,,,,,,,,,,,,,,,,,,,,8508000000.0,,,,,,,,,,,,,,,,,,,,,,,,,,,,,,,,,,,,,,,,,,,,,,,,,,,,,,,,,,,,,,,,,,,,,,,,,,,,,,,551000000.0,,,,,,,,,,,,,,,,,,,,,,,,,,,,,,,12000000.0,,,,,,,,,,,,,,,,,,,,,,,,,,,,,,,,,,,,,,,,,,,,131628000000.0,,,,,,,,,,,,,,,,,,,,,,,,,,,,,,,,,,,,,,,,,,,,,,,,,,,,,,,,-551000000.0,48284000000.0,,,,,,,,,,,,,,,,,,,,,,,
CARL-B.CO,2024-12-31,669.61,6282000000.0,-1960000000.0,0.0,0.0,-5030000000.0,11510000000.0,13382000000.0,11000000.0,-1883000000.0,-13935000000.0,-6463000000.0,,-3601000000.0,,-1960000000.0,-1960000000.0,-1364000000.0,0.0,0.0,0.0,-1518000000.0,2179000000.0,,66000000.0,254000000.0,-188000000.0,-362000000.0,-362000000.0,-4583000000.0,-4668000000.0,11312000000.0,-2342000000.0,456000000.0,-637000000.0,138000000.0,,-22000000.0,-75000000.0,4370000000.0,,4370000000.0,,-44000000.0,11411000000.0,2178219.0,132078587.0,134256806.0,24475000000.0,38140000000.0,-24616000000.0,63788000000.0,-19698000000.0,-24616000000.0,2123000000.0,27771000000.0,53495000000.0,30612000000.0,2841000000.0,27771000000.0,,,25582000000.0,2685000000.0,2685000000.0,82716000000.0,36671000000.0,,4744000000.0,27392000000.0,1668000000.0,25724000000.0,1736000000.0,46045000000.0,9826000000.0,10748000000.0,455000000.0,10293000000.0,,950000000.0,24521000000.0,,1204000000.0,23317000000.0,113328000000.0,86981000000.0,,2056000000.0,,,,4674000000.0,4674000000.0,52387000000.0,10769000000.0,41618000000.0,27050000000.0,-39910000000.0,66960000000.0,,,46829000000.0,,,20131000000.0,26347000000.0,1185000000.0,5953000000.0,,3165000000.0,2506000000.0,410000000.0,4692000000.0,-644000000.0,5336000000.0,11601000000.0,11542000000.0,-99000000.0,0.198,16297000000.0,-500000000.0,-500000000.0,6858000000.0,4370000000.0,40631000000.0,15797000000.0,11427000000.0,-1069000000.0,1440000000.0,706000000.0,7259000000.0,9116000000.0,64260000000.0,132922000.0,132626000.0,68.6,68.7,9116000000.0,9116000000.0,0.0,9116000000.0,-1147000000.0,10263000000.0,8005000000.0,1982000000.0,9987000000.0,-420000000.0,-133000000.0,234000000.0,-1069000000.0,335000000.0,1440000000.0,706000000.0,10751000000.0,23629000000.0,,,,,23623000000.0,4381000000.0,34380000000.0,40631000000.0,75011000000.0,75011000000.0,,,,792000000.0,,85000000.0,,,1495000000.0,1304000000.0,2000000.0,,343000000.0,59000000.0,,,35000000.0,284000000.0,19242000000.0,,,-1091000000.0,-402000000.0,100000000.0,,,,,,,,,,,,,,,2445000000.0,,,11411000000.0,142000000.0,,2258000000.0,389000000.0,,,-14000000.0,,,,,2258000000.0,,,,,,,,,,,,,,,,,,,,,,,,,,,,,,,,-1364000000.0,,,,,,,,,,,,,,,,,,,,,,,,,,,,,,,,,,,,,,,,,,,,
CARL-B.CO,2023-12-31,798.19,7364000000.0,-3200000000.0,-3725000000.0,15272000000.0,-4243000000.0,13382000000.0,8163000000.0,-1229000000.0,6448000000.0,1370000000.0,-1106000000.0,,-3695000000.0,,-3200000000.0,-3200000000.0,9837000000.0,11547000000.0,-3725000000.0,15272000000.0,-6729000000.0,-2248000000.0,,-829000000.0,4000000.0,-833000000.0,-356000000.0,-356000000.0,-3772000000.0,-3887000000.0,11607000000.0,-2166000000.0,329000000.0,-82000000.0,442000000.0,,-143000000.0,-1000000.0,4074000000.0,,4074000000.0,,-47000000.0,11105000000.0,3242490.0,134114316.0,137356806.0,23918000000.0,39101000000.0,-25866000000.0,60534000000.0,-17032000000.0,-25866000000.0,1801000000.0,23234000000.0,52662000000.0,25749000000.0,2515000000.0,23234000000.0,,,23306000000.0,2747000000.0,2747000000.0,86082000000.0,38852000000.0,,4823000000.0,30763000000.0,1335000000.0,29428000000.0,1565000000.0,47230000000.0,14737000000.0,8338000000.0,466000000.0,7872000000.0,,944000000.0,23211000000.0,,1052000000.0,22159000000.0,111831000000.0,81633000000.0,,1810000000.0,,,,5437000000.0,5437000000.0,49100000000.0,10785000000.0,38315000000.0,24405000000.0,-36263000000.0,60668000000.0,,,42215000000.0,,,18453000000.0,30198000000.0,835000000.0,5811000000.0,,3053000000.0,2712000000.0,356000000.0,4866000000.0,-666000000.0,5532000000.0,15618000000.0,13382000000.0,-61236000.0,0.189,15343000000.0,-324000000.0,-324000000.0,6960000000.0,4074000000.0,40753000000.0,15019000000.0,10945000000.0,-693000000.0,1115000000.0,690000000.0,7222764000.0,-40788000000.0,63108000000.0,136455000.0,136089000.0,-299.7,-299.7,-40788000000.0,-40788000000.0,0.0,-40788000000.0,-1011000000.0,-39777000000.0,7971000000.0,1859000000.0,9830000000.0,-384000000.0,-268000000.0,238000000.0,-693000000.0,268000000.0,1115000000.0,690000000.0,10477000000.0,22355000000.0,-100000000.0,,,,22432000000.0,4077000000.0,32832000000.0,40753000000.0,73585000000.0,73585000000.0,,,,512000000.0,,115000000.0,,,314000000.0,1387000000.0,,,399000000.0,2236000000.0,,306000000.0,-296000000.0,710000000.0,18355000000.0,,,-602000000.0,455000000.0,130000000.0,,,,,,,,,,,,,,,2359000000.0,,,11105000000.0,132000000.0,,200000000.0,-26000000.0,,,-3000000.0,,,,0.0,-47748000000.0,,,,,,,,,,,,,,,,,,,,,,,,,,,,,,,,-1710000000.0,-1710000000.0,,,,,,,,,,,,,,,,,,,,,,,,,,,,,,,,,,,,,,,,,,,
CARL-B.CO,2022-12-31,846.8,8931000000.0,-4400000000.0,-5583000000.0,4878000000.0,-4018000000.0,8163000000.0,8344000000.0,-683000000.0,1696000000.0,-9959000000.0,-1042000000.0,,-3389000000.0,,-4400000000.0,-4400000000.0,-705000000.0,-1875000000.0,-5583000000.0,3708000000.0,-3065000000.0,-20000000.0,,-48000000.0,,,,,-3604000000.0,-4018000000.0,12949000000.0,-2103000000.0,213000000.0,1443000000.0,3545000000.0,,-1271000000.0,16000000.0,4187000000.0,,4187000000.0,,-79000000.0,11470000000.0,4515385.0,137341421.0,141856806.0,18890000000.0,28646000000.0,-17321000000.0,58955000000.0,-14498000000.0,-17321000000.0,1593000000.0,31902000000.0,53564000000.0,34722000000.0,2820000000.0,31902000000.0,,,70776000000.0,2837000000.0,2837000000.0,80619000000.0,31872000000.0,,4841000000.0,22865000000.0,1203000000.0,21662000000.0,2304000000.0,48747000000.0,15130000000.0,5781000000.0,390000000.0,5391000000.0,,807000000.0,22929000000.0,,1012000000.0,21917000000.0,115341000000.0,81092000000.0,,1731000000.0,,,,5523000000.0,5523000000.0,49223000000.0,10770000000.0,38453000000.0,23679000000.0,-34816000000.0,58495000000.0,,,40692000000.0,,,17803000000.0,34249000000.0,964000000.0,5718000000.0,,3041000000.0,2747000000.0,214000000.0,4825000000.0,-613000000.0,5438000000.0,8163000000.0,8163000000.0,-126195000.0,0.179,14851000000.0,-5000000.0,-705000000.0,7012000000.0,4187000000.0,38198000000.0,14846000000.0,10659000000.0,-506000000.0,698000000.0,340000000.0,8290805000.0,-1063000000.0,59775000000.0,140203000.0,139835000.0,-7.6,-7.6,-1063000000.0,-1063000000.0,0.0,-1063000000.0,-1171000000.0,108000000.0,8183000000.0,1778000000.0,9961000000.0,-705000000.0,-306000000.0,168000000.0,-506000000.0,148000000.0,698000000.0,340000000.0,10490000000.0,21577000000.0,-254000000.0,,,,21566000000.0,4229000000.0,32067000000.0,38198000000.0,70265000000.0,70265000000.0,,,,282000000.0,,414000000.0,,,305000000.0,1557000000.0,,,344000000.0,,,-27000000.0,69000000.0,74000000.0,17337000000.0,,,-1223000000.0,-727000000.0,97000000.0,,,,,,,,,,,,,,,2333000000.0,,,11470000000.0,107000000.0,-1194000000.0,1771000000.0,196000000.0,,,-32000000.0,,,,11618000000.0,-8075000000.0,,,,,,,,,,,,,,,,,,,,,,,,,,,,,,,,1170000000.0,0.0,1170000000.0,,,,,,,,,,,,,,,,,,,,2000000.0,2000000.0,,,,,,,,,,,,,,,,,,,,,
CARL-B.CO,2021-12-31,1005.49,8375000000.0,-3600000000.0,-1217000000.0,14000000.0,-3903000000.0,8344000000.0,7958000000.0,458000000.0,-72000000.0,-8945000000.0,-550000000.0,,-3187000000.0,,-3600000000.0,-3600000000.0,-1203000000.0,-1001000000.0,-1001000000.0,0.0,-4067000000.0,0.0,,-669000000.0,,,,,-3646000000.0,-3903000000.0,12278000000.0,-1883000000.0,68000000.0,1349000000.0,4078000000.0,,-539000000.0,-23000000.0,4238000000.0,,4238000000.0,,-77000000.0,10129000000.0,3364518.0,141892288.0,145256806.0,19191000000.0,28922000000.0,-22978000000.0,73032000000.0,-20191000000.0,-22978000000.0,1387000000.0,45497000000.0,67240000000.0,48756000000.0,3259000000.0,45497000000.0,,,80283000000.0,2905000000.0,2905000000.0,77627000000.0,34345000000.0,,6350000000.0,22755000000.0,1012000000.0,21743000000.0,2446000000.0,43282000000.0,14181000000.0,6167000000.0,375000000.0,5792000000.0,,942000000.0,21992000000.0,,1350000000.0,20642000000.0,126383000000.0,103292000000.0,,1922000000.0,,,,5172000000.0,5172000000.0,68475000000.0,15991000000.0,52484000000.0,26648000000.0,-39192000000.0,65840000000.0,,15729000000.0,46001000000.0,,,19839000000.0,23091000000.0,929000000.0,5391000000.0,,2747000000.0,2607000000.0,171000000.0,5458000000.0,,,8344000000.0,8344000000.0,235458000.0,0.206,14188000000.0,1143000000.0,1143000000.0,7130000000.0,4238000000.0,31528000000.0,15331000000.0,11093000000.0,-696000000.0,646000000.0,189000000.0,6222458000.0,6846000000.0,50381000000.0,144299000.0,143848000.0,47.4,47.6,6846000000.0,6846000000.0,0.0,6846000000.0,-1163000000.0,8009000000.0,8293000000.0,2154000000.0,10447000000.0,1143000000.0,-1388000000.0,447000000.0,-696000000.0,239000000.0,646000000.0,189000000.0,9716000000.0,18853000000.0,-1238000000.0,,,,18851000000.0,3979000000.0,28569000000.0,31528000000.0,60097000000.0,60097000000.0,,,,291000000.0,,257000000.0,,,449000000.0,2345000000.0,,,333000000.0,,,,-202000000.0,0.0,14872000000.0,,,-916000000.0,-1982000000.0,82000000.0,,,,,,,,,,,-1000000.0,,,,2311000000.0,,,10129000000.0,95000000.0,,662000000.0,-189000000.0,,,-4000000.0,,,,191000000.0,-284000000.0,,,,,,,,,,,,,,,,,,,,,,,,,,,,,,,,-202000000.0,-216000000.0,14000000.0,,,,,,,,,,,,,,,,,,,,-2000000.0,,-2000000.0,,,,,,,,,,,,,,,,,,,,
CARL-B.CO,2020-12-31,849.15,,,,,,,,,,,,,,-3093000000.0,,,,,,,,,,,,,,,,,,,,,,,,,,,,,,,,,,,,,,,,,,,,,,,,,,,,,1486000000.0,,,,,,,,,,,,,,,,,,,,,,,,,,,,,,,,,15614000000.0,,,,,,,,,,,,,,,,,,,,,,,,,,,,,,,,,,,,,,,,,,,,,,,,,,,,,,,-586000000.0,,,,,,,,,,,,,,,,,,,,,,,,,-69000000.0,,,,,,,,,,,,,,,,,,,-3000000.0,,,,,,,,,,,,-4396000000.0,,,,,,,,,,,,,,,,,,,,,,,,,,,,,,,,,,,,,,,,-3264000000.0,,,,,,,,,,,,,,,,,,,,,,,,,,,,,,,,,,,,,,,,,,,
MAERSK-B.CO,2024-12-31,10839.17,7207000000.0,-556000000.0,-705000000.0,2167000000.0,-4201000000.0,6543000000.0,6730000000.0,-170000000.0,-17000000.0,-3500000000.0,1045000000.0,-966000000.0,-1333000000.0,,-547000000.0,-556000000.0,1462000000.0,1462000000.0,-705000000.0,2167000000.0,-7925000000.0,-4614000000.0,,53000000.0,82000000.0,-29000000.0,-3735000000.0,-4201000000.0,,,11408000000.0,-658000000.0,,-311000000.0,,,,252000000.0,6178000000.0,395000000.0,5783000000.0,,,6499000000.0,120307.0,15708635.0,15828942.0,,16477000000.0,44550000000.0,61982000000.0,20149000000.0,44550000000.0,11412000000.0,56917000000.0,61456000000.0,57947000000.0,1030000000.0,56917000000.0,,,55290000000.0,2870000000.0,2870000000.0,29750000000.0,15827000000.0,268000000.0,834000000.0,13267000000.0,8728000000.0,4539000000.0,946000000.0,13923000000.0,,3210000000.0,2684000000.0,526000000.0,,756000000.0,8984000000.0,1665000000.0,621000000.0,6698000000.0,87697000000.0,53625000000.0,,365000000.0,,359000000.0,359000000.0,1745000000.0,965000000.0,12367000000.0,7237000000.0,5130000000.0,36307000000.0,-29978000000.0,66285000000.0,3612000000.0,2721000000.0,59952000000.0,,,,34072000000.0,566000000.0,1601000000.0,,,17332000000.0,519000000.0,5849000000.0,-265000000.0,6114000000.0,8155000000.0,6575000000.0,1462000.0,0.086,13874000000.0,17000000.0,17000000.0,6109000000.0,6178000000.0,48563000000.0,13891000000.0,7713000000.0,213000000.0,897000000.0,1110000000.0,6093462000.0,6109000000.0,49519000000.0,15797072.0,15769838.0,387.0,387.0,6109000000.0,6109000000.0,0.0,6109000000.0,-123000000.0,6232000000.0,6232000000.0,584000000.0,6816000000.0,173000000.0,-222000000.0,57000000.0,213000000.0,,897000000.0,1110000000.0,5963000000.0,956000000.0,21000000.0,,,,,,6919000000.0,48563000000.0,55482000000.0,55482000000.0,9000000.0,9000000.0,,371000000.0,466000000.0,,,-222000000.0,,179000000.0,,,,1580000000.0,1676000000.0,,-8000000.0,,,,,,-754000000.0,,,-3000000.0,,,333000000.0,,125000000.0,,2000000.0,,780000000.0,47000000.0,,,,,6575000000.0,,,,,,,,443000000.0,,,,3000000.0,,,,,,,,,,,,,,,,,,,,,,,,,,,,,,,,,,,,,,,,,,,,,,,,,,,,,,,,,,,,,,,,,,,,,,,,,,,,,
MAERSK-B.CO,2023-12-31,10445.49,5997000000.0,-3120000000.0,-660000000.0,845000000.0,-3646000000.0,6683000000.0,10038000000.0,-223000000.0,-3085000000.0,-16805000000.0,1096000000.0,-796000000.0,-10876000000.0,,-3096000000.0,-3120000000.0,185000000.0,185000000.0,-660000000.0,845000000.0,4077000000.0,5644000000.0,,1173000000.0,1331000000.0,-158000000.0,-3045000000.0,-3646000000.0,,,9643000000.0,-681000000.0,,417000000.0,,,,166000000.0,6238000000.0,382000000.0,5856000000.0,,,3934000000.0,1585756.0,15983774.0,17569530.0,,14814000000.0,41589000000.0,58396000000.0,18631000000.0,41589000000.0,10448000000.0,54030000000.0,58199000000.0,55090000000.0,1060000000.0,54030000000.0,,,51822000000.0,3186000000.0,3186000000.0,27488000000.0,14619000000.0,475000000.0,766000000.0,11967000000.0,7798000000.0,4169000000.0,897000000.0,12869000000.0,,2847000000.0,2650000000.0,197000000.0,,812000000.0,8322000000.0,1479000000.0,442000000.0,6401000000.0,82578000000.0,51078000000.0,,343000000.0,,398000000.0,398000000.0,1750000000.0,999000000.0,12441000000.0,7280000000.0,5161000000.0,34412000000.0,-28481000000.0,62893000000.0,3631000000.0,2701000000.0,56561000000.0,,,,31500000000.0,1269000000.0,1658000000.0,,,14231000000.0,355000000.0,5359000000.0,-226000000.0,5585000000.0,6701000000.0,6701000000.0,67392000.0,0.104,10723000000.0,648000000.0,648000000.0,3822000000.0,6238000000.0,47191000000.0,11371000000.0,5133000000.0,431000000.0,771000000.0,1202000000.0,3241392000.0,3822000000.0,48031000000.0,16874042.0,16845180.0,227.0,227.0,3822000000.0,3822000000.0,0.0,3822000000.0,-86000000.0,3908000000.0,3908000000.0,454000000.0,4362000000.0,525000000.0,-523000000.0,-8000000.0,431000000.0,-66000000.0,771000000.0,1202000000.0,3034000000.0,840000000.0,17000000.0,,,,,,3874000000.0,47191000000.0,51065000000.0,51065000000.0,24000000.0,24000000.0,,305000000.0,601000000.0,,,-523000000.0,,191000000.0,,,,,1380000000.0,,6000000.0,,,,,,1392000000.0,,,150000000.0,,,323000000.0,,120000000.0,,11000000.0,,751000000.0,137000000.0,,,,,6701000000.0,,,-47000000.0,,,,,-975000000.0,,,,1790000000.0,,,,,,,,,,,,,,,,,,,,,,,,,,,,,,,,,,,,,,,,,,,,,,,,,,,,,,,,,,,,,,,,,,,,,,,,,,,,,
MAERSK-B.CO,2022-12-31,11694.89,30313000000.0,-2738000000.0,-800000000.0,83000000.0,-4163000000.0,10037000000.0,11565000000.0,-249000000.0,-1278000000.0,-14135000000.0,283000000.0,-989000000.0,-6847000000.0,,-2707000000.0,-2738000000.0,-717000000.0,-717000000.0,-800000000.0,83000000.0,-21619000000.0,-13518000000.0,-13518000000.0,-4568000000.0,252000000.0,-4820000000.0,-3860000000.0,-4163000000.0,,,34476000000.0,-801000000.0,,-1808000000.0,,,,110000000.0,5960000000.0,365000000.0,5595000000.0,,,30860000000.0,1089274.0,17617887.0,18707161.0,,15643000000.0,50795000000.0,68020000000.0,26742000000.0,50795000000.0,11614000000.0,63991000000.0,67765000000.0,65032000000.0,1041000000.0,63991000000.0,,,,3392000000.0,3392000000.0,28648000000.0,15327000000.0,560000000.0,883000000.0,12356000000.0,8582000000.0,3774000000.0,842000000.0,13321000000.0,,3287000000.0,3032000000.0,255000000.0,,777000000.0,9069000000.0,1696000000.0,569000000.0,6804000000.0,93680000000.0,53617000000.0,,399000000.0,,377000000.0,377000000.0,2018000000.0,1246000000.0,13196000000.0,7991000000.0,5205000000.0,36750000000.0,-31010000000.0,67760000000.0,2296000000.0,2212000000.0,63252000000.0,,,,40063000000.0,1245000000.0,1604000000.0,,,18746000000.0,231000000.0,6971000000.0,-265000000.0,7236000000.0,10999000000.0,10057000000.0,-7860000.0,0.03,37219000000.0,-262000000.0,-262000000.0,29198000000.0,5960000000.0,50210000000.0,36957000000.0,30997000000.0,-330000000.0,766000000.0,436000000.0,29452140000.0,29198000000.0,50848000000.0,18307758.0,18250236.0,1595.0,1600.0,29198000000.0,29198000000.0,0.0,29198000000.0,-123000000.0,29321000000.0,29321000000.0,910000000.0,30231000000.0,36000000.0,-101000000.0,54000000.0,-330000000.0,,766000000.0,436000000.0,30681000000.0,638000000.0,153000000.0,,,,,,31319000000.0,50210000000.0,81529000000.0,81529000000.0,31000000.0,31000000.0,,327000000.0,303000000.0,,,-101000000.0,,191000000.0,,,,942000000.0,1539000000.0,,11000000.0,,,,31000000.0,,-1018000000.0,,,162000000.0,,,495000000.0,,134000000.0,,10000000.0,,772000000.0,198000000.0,,,,,10057000000.0,,,-1000000.0,,,,,-790000000.0,,,,69000000.0,,,,,,,,,,,,,,,,,,,,,,,,,,,,,,,,,,,,,,,,,,,,,,,,,,,,,,,,,,,,,,,,,,,,,,,,,,,,,
MAERSK-B.CO,2021-12-31,15665.36,19046000000.0,-1956000000.0,-2497000000.0,563000000.0,-2976000000.0,11537000000.0,5864000000.0,-79000000.0,5780000000.0,-7900000000.0,129000000.0,-774000000.0,-1017000000.0,,-1934000000.0,-1956000000.0,-1934000000.0,-1934000000.0,-2497000000.0,563000000.0,-8342000000.0,-4966000000.0,-4966000000.0,-887000000.0,11000000.0,-898000000.0,-2771000000.0,-2976000000.0,,,22022000000.0,-582000000.0,,-1610000000.0,,,,63000000.0,4944000000.0,,4944000000.0,,,19674000000.0,670081.0,18705935.0,19376016.0,,15335000000.0,36189000000.0,49292000000.0,13709000000.0,36189000000.0,10551000000.0,44508000000.0,48823000000.0,45588000000.0,1080000000.0,44508000000.0,,,,3513000000.0,3513000000.0,26683000000.0,14590000000.0,478000000.0,520000000.0,12468000000.0,8153000000.0,4315000000.0,692000000.0,12093000000.0,,2867000000.0,2398000000.0,469000000.0,,779000000.0,7998000000.0,1333000000.0,424000000.0,6241000000.0,72271000000.0,46469000000.0,,356000000.0,,318000000.0,318000000.0,2421000000.0,1117000000.0,8319000000.0,6758000000.0,1561000000.0,34659000000.0,-29624000000.0,64283000000.0,1177000000.0,1220000000.0,61886000000.0,,,,25802000000.0,542000000.0,1457000000.0,,,5905000000.0,221000000.0,5403000000.0,-205000000.0,5608000000.0,11835000000.0,11832000000.0,-4921000.0,0.037,24615000000.0,-133000000.0,-133000000.0,17942000000.0,4944000000.0,41974000000.0,24482000000.0,19538000000.0,-756000000.0,808000000.0,52000000.0,18070079000.0,17942000000.0,42666000000.0,19130315.0,19070067.0,938.0,941.0,17942000000.0,17942000000.0,0.0,17942000000.0,-91000000.0,18033000000.0,18033000000.0,697000000.0,18730000000.0,53000000.0,-96000000.0,26000000.0,-756000000.0,-3000000.0,808000000.0,52000000.0,19121000000.0,692000000.0,169000000.0,,,,,,19813000000.0,41974000000.0,61787000000.0,61787000000.0,22000000.0,22000000.0,,282000000.0,205000000.0,,,-96000000.0,,215000000.0,,,,3000000.0,1617000000.0,19000000.0,17000000.0,,,,8000000.0,,-1909000000.0,,,115000000.0,,,217000000.0,,148000000.0,,33000000.0,,1304000000.0,40000000.0,,,,,11832000000.0,,,-28000000.0,,,,,299000000.0,,,,399000000.0,0.0,,,,,,,,,,,,,,,,,,,,,,,,,,,,,,,,,,,,,,,,,,,,,,,,,,,,,,,,,,,,,,,,,,,,,,,,,,,,
MAERSK-B.CO,2020-12-31,8865.43,,,,,,,,,,,,,,-430000000.0,,,,,,,,,,,,,,,,,,,,,,,,,,,,,,,,,,761000000.0,,,,,,,,,,,,,,,,,,,,,,,,,,,,,,,,,,,,,,,,,,,,,,,,,,,,,,,,,,,,,,,,,,,,,,,,,,,,,,,,,,,,,,,,,,,,,,,,,,,,,,,,,,,,,,,,,,,,,,,,,,,,,,,,,,1000000.0,,18000000.0,,,,,82000000.0,,,,,,,,,,,,,,,,,,,,,,,-19000000.0,0.0,,-1322000000.0,,,,,,,0.0,,,,,,,,,,,,,,,,,,,,,,,,,,,,,,,,,,,,,,,,,,,,,,,,,,,,,,,,,,,,,,,,,,,,,,,,,,,,
RBREW.CO,2024-12-31,505.5,1370000000.0,,-1350000000.0,751000000.0,-819000000.0,103000000.0,57000000.0,-1000000.0,47000000.0,-1491000000.0,,,-726000000.0,-726000000.0,,,-599000000.0,-599000000.0,-1350000000.0,751000000.0,-651000000.0,219000000.0,,-80000000.0,,-80000000.0,-58000000.0,-58000000.0,-743000000.0,-761000000.0,2189000000.0,-384000000.0,15000000.0,216000000.0,,,,97000000.0,666000000.0,106000000.0,560000000.0,,0.0,1464000000.0,143948.0,50056052.0,50200000.0,5696000000.0,5799000000.0,-3105000000.0,12207000000.0,-1976000000.0,-3105000000.0,,6408000000.0,11105000000.0,6408000000.0,,6408000000.0,,,4148000000.0,100000000.0,100000000.0,11478000000.0,5968000000.0,,1271000000.0,4697000000.0,,4697000000.0,,5510000000.0,,1102000000.0,,1102000000.0,,11000000.0,4180000000.0,639000000.0,1009000000.0,2532000000.0,17886000000.0,14352000000.0,,,,14000000.0,,17000000.0,17000000.0,9513000000.0,4364000000.0,5149000000.0,4749000000.0,-4407000000.0,9156000000.0,497000000.0,758000000.0,5189000000.0,,,2712000000.0,3534000000.0,147000000.0,1340000000.0,-1000000.0,815000000.0,134000000.0,,1810000000.0,-80000000.0,1890000000.0,103000000.0,103000000.0,43860000.0,0.215,2635000000.0,204000000.0,204000000.0,1464000000.0,666000000.0,8648000000.0,2839000000.0,2173000000.0,-287000000.0,308000000.0,23000000.0,1303860000.0,1464000000.0,13068000000.0,,,,,1464000000.0,1464000000.0,0.0,1464000000.0,,1464000000.0,1464000000.0,401000000.0,1865000000.0,0.0,,,-287000000.0,2000000.0,308000000.0,23000000.0,1968000000.0,4420000000.0,,,,,4420000000.0,794000000.0,6388000000.0,8648000000.0,15036000000.0,15036000000.0,,,,11000000.0,,18000000.0,401000000.0,,,,1000000.0,,43000000.0,,,,,,3626000000.0,,219000000.0,-315000000.0,,23000000.0,,,,1573000000.0,,,,,,14000000.0,,,,,483000000.0,,,,,,,,,,,,,,,,,,,,,,,,,,,,,,,,,,,,,,,,,,,,,,,,,,,,,,,,,,,,,,,,,,,,,,,,,,,,,,,,,,,,,,,,,,,
RBREW.CO,2023-12-31,439.47,1175000000.0,0.0,-947000000.0,2554000000.0,-602000000.0,57000000.0,214000000.0,-7000000.0,-150000000.0,998000000.0,,,-720000000.0,-720000000.0,249000000.0,0.0,1607000000.0,1607000000.0,-947000000.0,2554000000.0,-2925000000.0,-10000000.0,-10000000.0,-2419000000.0,,-2419000000.0,-10000000.0,-10000000.0,-509000000.0,-602000000.0,1777000000.0,-250000000.0,8000000.0,55000000.0,,,,250000000.0,579000000.0,71000000.0,508000000.0,,-9000000.0,1095000000.0,146952.0,50053048.0,50200000.0,6426000000.0,6483000000.0,-3721000000.0,12231000000.0,-1720000000.0,-3721000000.0,,5748000000.0,11252000000.0,5748000000.0,0.0,5748000000.0,,,4129000000.0,100000000.0,100000000.0,12030000000.0,6786000000.0,1000000.0,1281000000.0,5504000000.0,,5504000000.0,,5244000000.0,,979000000.0,,979000000.0,,11000000.0,4038000000.0,629000000.0,984000000.0,2425000000.0,17778000000.0,14254000000.0,,,,13000000.0,,34000000.0,34000000.0,9469000000.0,4253000000.0,5216000000.0,4662000000.0,-4138000000.0,8800000000.0,396000000.0,816000000.0,4956000000.0,,,2632000000.0,3524000000.0,165000000.0,1401000000.0,,834000000.0,124000000.0,,1778000000.0,-83000000.0,1861000000.0,57000000.0,57000000.0,6630000.0,0.221,2183000000.0,30000000.0,30000000.0,1095000000.0,579000000.0,7533000000.0,2213000000.0,1634000000.0,-232000000.0,228000000.0,8000000.0,1071630000.0,1095000000.0,11319000000.0,49748465.0,49686199.0,21.9,21.9,1095000000.0,1095000000.0,0.0,1095000000.0,,1095000000.0,1095000000.0,311000000.0,1406000000.0,30000000.0,-30000000.0,,-232000000.0,12000000.0,228000000.0,8000000.0,1608000000.0,3786000000.0,,,,,3786000000.0,628000000.0,5394000000.0,7533000000.0,12927000000.0,12927000000.0,249000000.0,249000000.0,,13000000.0,,93000000.0,311000000.0,,1000000.0,,1000000.0,,65000000.0,,,,,,3158000000.0,,0.0,-258000000.0,,14000000.0,,,,1573000000.0,,,,,,13000000.0,,,,,502000000.0,,,,,,,,,,,,,-1000000.0,,,,,,,,,,,,,,,,,,,,,,,,,,,,,,,,,,,,,,,,,,,,,,,,,,,,,,,,,,,,,,,,,,,,,,,,,,,,,,
RBREW.CO,2022-12-31,471.23,633000000.0,-300000000.0,-1594000000.0,2450000000.0,-502000000.0,214000000.0,86000000.0,-11000000.0,139000000.0,-252000000.0,,,-692000000.0,-692000000.0,-300000000.0,-300000000.0,856000000.0,856000000.0,-1594000000.0,2450000000.0,-744000000.0,,,-275000000.0,,-275000000.0,-27000000.0,-27000000.0,-469000000.0,-475000000.0,1135000000.0,-304000000.0,3000000.0,-480000000.0,,,,93000000.0,487000000.0,74000000.0,413000000.0,,-6000000.0,1491000000.0,576952.0,49623048.0,50200000.0,4460000000.0,4674000000.0,-2400000000.0,9832000000.0,-1552000000.0,-2400000000.0,,5158000000.0,8844000000.0,5158000000.0,0.0,5158000000.0,,,2763000000.0,100000000.0,100000000.0,9316000000.0,4706000000.0,9000000.0,1011000000.0,3686000000.0,,3686000000.0,,4610000000.0,,988000000.0,,988000000.0,,11000000.0,3506000000.0,712000000.0,860000000.0,1934000000.0,14474000000.0,11416000000.0,,,,9000000.0,,99000000.0,99000000.0,7558000000.0,3573000000.0,3985000000.0,3680000000.0,-3932000000.0,7612000000.0,192000000.0,597000000.0,4448000000.0,,,2375000000.0,3058000000.0,131000000.0,1213000000.0,,774000000.0,140000000.0,,1360000000.0,-63000000.0,1423000000.0,214000000.0,214000000.0,59400000.0,0.165,1972000000.0,360000000.0,360000000.0,1492000000.0,487000000.0,6618000000.0,2332000000.0,1845000000.0,-76000000.0,60000000.0,3000000.0,1191400000.0,1492000000.0,9971000000.0,48956652.0,48886875.0,30.5,30.5,1492000000.0,1492000000.0,0.0,1492000000.0,1000000.0,1491000000.0,1491000000.0,294000000.0,1785000000.0,0.0,,,-76000000.0,19000000.0,60000000.0,3000000.0,1516000000.0,3353000000.0,,,,,3353000000.0,427000000.0,4869000000.0,6618000000.0,11487000000.0,11487000000.0,0.0,0.0,,27000000.0,,6000000.0,294000000.0,,,,1000000.0,,40000000.0,,,,,,2926000000.0,,,-81000000.0,,0.0,,,,1573000000.0,,,,,,9000000.0,,,,,399000000.0,,,,,,,,,,,,,,,,,,,,,,,,,,,,,,,,,,,,,,,,,,,,,,,,,,,,,,,,,,,,,,,,,,,,,,,,,,,,,,,,,,,,,,,,,,,
RBREW.CO,2021-12-31,685.13,1327000000.0,-582000000.0,-92000000.0,1253000000.0,-426000000.0,86000000.0,81000000.0,2000000.0,3000000.0,-146000000.0,,,-653000000.0,-653000000.0,-582000000.0,-582000000.0,1161000000.0,1161000000.0,-92000000.0,1253000000.0,-1604000000.0,,,-1218000000.0,,-1218000000.0,3000000.0,0.0,-410000000.0,-426000000.0,1753000000.0,-332000000.0,7000000.0,104000000.0,,,,42000000.0,381000000.0,42000000.0,339000000.0,,-13000000.0,1298000000.0,880874.0,47919126.0,48800000.0,3536000000.0,3622000000.0,-2531000000.0,6952000000.0,-1658000000.0,-2531000000.0,,3330000000.0,6328000000.0,3342000000.0,12000000.0,3330000000.0,,,1805000000.0,98000000.0,98000000.0,7572000000.0,3771000000.0,26000000.0,747000000.0,2998000000.0,,2998000000.0,,3801000000.0,,624000000.0,,624000000.0,,11000000.0,3057000000.0,572000000.0,764000000.0,1721000000.0,10914000000.0,8771000000.0,,,,14000000.0,,153000000.0,153000000.0,5861000000.0,2830000000.0,3031000000.0,2734000000.0,-3695000000.0,6429000000.0,254000000.0,430000000.0,3816000000.0,,,1929000000.0,2143000000.0,89000000.0,780000000.0,,492000000.0,65000000.0,,1123000000.0,-50000000.0,1173000000.0,86000000.0,86000000.0,-1908000.0,0.212,2072000000.0,-9000000.0,-9000000.0,1299000000.0,381000000.0,4490000000.0,2063000000.0,1682000000.0,-36000000.0,35000000.0,0.0,1306092000.0,1299000000.0,7094000000.0,48344203.0,48344203.0,26.5,26.5,1299000000.0,1299000000.0,0.0,1299000000.0,1000000.0,1298000000.0,1298000000.0,349000000.0,1647000000.0,,,,-36000000.0,1000000.0,35000000.0,0.0,1652000000.0,2604000000.0,,,,,2604000000.0,415000000.0,4256000000.0,4490000000.0,8746000000.0,8746000000.0,,,,21000000.0,3000000.0,16000000.0,349000000.0,,,,1000000.0,,26000000.0,,,,,,2189000000.0,,,-50000000.0,,4000000.0,,,,753000000.0,,,,,,14000000.0,,,,,262000000.0,,,,,,,,,,,,,,,,,,,,,,,,,,,,,,,,,,,,,,,,,,,,,,,1161000000.0,-92000000.0,1253000000.0,,,,,,,,,,,,,,,,,,,,,,,,,,,,,,,,,,,,,,,,,,
RBREW.CO,2020-12-31,645.21,,-362000000.0,,,,,,,,,,,,,-362000000.0,-362000000.0,,,,,,,,,,,,,,,,,,,,,,,,,,,,,,,,,,,,,,,,,,24000000.0,,666000000.0,,,,,,,52000000.0,,,,,,,,,,,,,,,,,,,,,,,,,,,,,,,,,,,,,,,,,,,,,,,,,,,,,,,,,,,,,,,,,,49108026.0,49108026.0,24.1,24.1,,,,,-15000000.0,,,,,,,,,,,,,,,,,,,,,,,,0.0,0.0,,,0.0,,,,,,,,,,,,,,,,,,,,,,,,,,,,,,,,,,,,,,,,,,,,,,,,,,,,,,,,,,,,,,,,,,,,,,,,,,,,,,,,,-430000000.0,-579000000.0,149000000.0,,,,,,,,,,,,,,,,,,,,,,,,,,,,,,,,,,,,,,,,,,
ISS.CO,2024-12-31,131.3,3093000000.0,-1217000000.0,-2237000000.0,3696000000.0,-634000000.0,6829000000.0,6093000000.0,-50000000.0,786000000.0,-1405000000.0,-259000000.0,,-425000000.0,-425000000.0,-1217000000.0,-1217000000.0,1459000000.0,1459000000.0,-2237000000.0,3696000000.0,-1536000000.0,-57000000.0,,-860000000.0,,-860000000.0,-619000000.0,-634000000.0,,,3727000000.0,-462000000.0,207000000.0,-875000000.0,533000000.0,,-14000000.0,-80000000.0,1469000000.0,,1469000000.0,,,4105000000.0,9219765.0,176448461.0,185668226.0,,18341000000.0,-13216000000.0,11143000000.0,-930000000.0,-13216000000.0,,11143000000.0,11143000000.0,11913000000.0,770000000.0,11143000000.0,,1204000000.0,13133000000.0,185000000.0,185000000.0,38728000000.0,16428000000.0,,1156000000.0,13584000000.0,,,372000000.0,22300000000.0,746000000.0,4757000000.0,,,,231000000.0,9795000000.0,175000000.0,2233000000.0,7387000000.0,50641000000.0,29271000000.0,,885000000.0,,605000000.0,605000000.0,,,24359000000.0,3858000000.0,20501000000.0,3422000000.0,-4996000000.0,8418000000.0,,4191000000.0,1614000000.0,2613000000.0,,0.0,21370000000.0,357000000.0,251000000.0,,,1173000000.0,120000000.0,12449000000.0,-154000000.0,12603000000.0,6969000000.0,6829000000.0,2200000.0,0.2,5612000000.0,11000000.0,11000000.0,2633000000.0,1469000000.0,7519000000.0,5623000000.0,4063000000.0,-665000000.0,764000000.0,216000000.0,2624200000.0,2581000000.0,79709000000.0,183358000.0,180954000.0,14.1,14.3,2581000000.0,2581000000.0,0.0,2581000000.0,-8000000.0,2589000000.0,2641000000.0,658000000.0,3299000000.0,-1000000.0,-31000000.0,32000000.0,-665000000.0,117000000.0,764000000.0,216000000.0,4052000000.0,72190000000.0,17808000000.0,1560000000.0,91000000.0,1469000000.0,,,76242000000.0,7519000000.0,83761000000.0,83761000000.0,,,,,15000000.0,,,,,1316000000.0,,,,140000000.0,,-76000000.0,,,,,,-671000000.0,-1014000000.0,93000000.0,,,,,,,,,,,,51000000.0,,,,,,3889000000.0,,,,,,,,,,,0.0,-52000000.0,,,,,,,,,,,,,,,,,,,,,,,,,,,,,,,,,,,,,,,,,,,,,,,,,,,,,,,,,,,,,,,,,,,,,,,,,,,,
ISS.CO,2023-12-31,126.56,2673000000.0,0.0,0.0,0.0,-719000000.0,6093000000.0,5214000000.0,-137000000.0,1016000000.0,-1334000000.0,-153000000.0,,-390000000.0,-390000000.0,0.0,0.0,0.0,0.0,0.0,0.0,-1042000000.0,9000000.0,,-348000000.0,25000000.0,-373000000.0,-703000000.0,-719000000.0,,,3392000000.0,-428000000.0,120000000.0,-272000000.0,1020000000.0,,-24000000.0,-90000000.0,1464000000.0,,1464000000.0,,,3146000000.0,331907.0,185336319.0,185668226.0,,16719000000.0,-13379000000.0,9893000000.0,-764000000.0,-13379000000.0,,9893000000.0,9893000000.0,10522000000.0,629000000.0,9893000000.0,427000000.0,66000000.0,11051000000.0,185000000.0,185000000.0,37171000000.0,16269000000.0,,1320000000.0,13427000000.0,,,387000000.0,20902000000.0,375000000.0,3292000000.0,,,,365000000.0,9288000000.0,96000000.0,1933000000.0,7259000000.0,47693000000.0,27555000000.0,,962000000.0,,195000000.0,195000000.0,,,23272000000.0,3576000000.0,19696000000.0,3126000000.0,-4723000000.0,7849000000.0,,3883000000.0,1451000000.0,2515000000.0,,0.0,20138000000.0,379000000.0,239000000.0,,,1108000000.0,126000000.0,11354000000.0,-127000000.0,11481000000.0,6210000000.0,6093000000.0,11607000.0,0.219,4536000000.0,53000000.0,53000000.0,1931000000.0,1464000000.0,7323000000.0,4589000000.0,3103000000.0,-594000000.0,572000000.0,98000000.0,1889607000.0,279000000.0,75450000000.0,187954000.0,185334000.0,1.5,1.5,279000000.0,279000000.0,0.0,279000000.0,-46000000.0,325000000.0,1977000000.0,554000000.0,2531000000.0,53000000.0,-69000000.0,16000000.0,-594000000.0,120000000.0,572000000.0,98000000.0,3231000000.0,68127000000.0,17034000000.0,1486000000.0,69000000.0,1417000000.0,,,71358000000.0,7323000000.0,78681000000.0,78681000000.0,,,,,16000000.0,,,,,1135000000.0,,,,117000000.0,,-59000000.0,,,,,,-578000000.0,-800000000.0,72000000.0,,,,,,,,,,,,24000000.0,,,,,,3138000000.0,,,,,,,,,,,698000000.0,-1652000000.0,,,,,,,,,,,,,,,,,,,,,,,,,,,,,,,,,,,,,,,,,,,,,,,,,,,,,,,,,,,,,,,,,,,,,,,,,,,,
ISS.CO,2022-12-31,142.43,2524000000.0,,0.0,,-809000000.0,5214000000.0,3428000000.0,-71000000.0,1857000000.0,-930000000.0,-65000000.0,,,,,,0.0,0.0,0.0,,-546000000.0,-29000000.0,-29000000.0,262000000.0,587000000.0,-325000000.0,-779000000.0,-809000000.0,,,3333000000.0,-422000000.0,87000000.0,-221000000.0,1387000000.0,,-61000000.0,-51000000.0,1517000000.0,,1517000000.0,,,2860000000.0,938343.0,184729883.0,185668226.0,,16800000000.0,-13764000000.0,10156000000.0,924000000.0,-13764000000.0,,10156000000.0,10156000000.0,10815000000.0,659000000.0,10156000000.0,390000000.0,185000000.0,10920000000.0,185000000.0,185000000.0,36190000000.0,18773000000.0,,1178000000.0,15945000000.0,,,465000000.0,17417000000.0,649000000.0,855000000.0,,,,606000000.0,8795000000.0,,1843000000.0,6952000000.0,47005000000.0,28664000000.0,,912000000.0,,512000000.0,512000000.0,,,23920000000.0,3470000000.0,20450000000.0,3320000000.0,-4731000000.0,8051000000.0,,3982000000.0,1412000000.0,2657000000.0,,0.0,18341000000.0,392000000.0,231000000.0,,,1149000000.0,173000000.0,10996000000.0,-124000000.0,11120000000.0,5318000000.0,5214000000.0,33327000.0,0.161,4246000000.0,207000000.0,207000000.0,2037000000.0,1517000000.0,6485000000.0,4453000000.0,2936000000.0,-473000000.0,416000000.0,67000000.0,1863327000.0,2058000000.0,70989000000.0,187243000.0,184730000.0,11.0,11.1,2058000000.0,2058000000.0,0.0,2058000000.0,-78000000.0,2136000000.0,2115000000.0,405000000.0,2520000000.0,207000000.0,-218000000.0,11000000.0,-473000000.0,124000000.0,416000000.0,67000000.0,2849000000.0,64504000000.0,16744000000.0,1484000000.0,69000000.0,1415000000.0,,,67353000000.0,6485000000.0,73838000000.0,73838000000.0,,,,,30000000.0,,,,,1185000000.0,,,,104000000.0,,-14000000.0,,,,,,-486000000.0,-882000000.0,80000000.0,,,,,,,,,,,,50000000.0,,,,,,2904000000.0,,,,,,,,,,,32000000.0,21000000.0,,,,,,,,,,,,,,,,,,,,,,,,,,,,,,,,,,,,,,,,,,,,,,,,,,,,,,,,,,,,,,,,,,,,,,,,,,,,
ISS.CO,2021-12-31,120.86,2593000000.0,,-1577000000.0,,-628000000.0,3428000000.0,2742000000.0,224000000.0,462000000.0,-2832000000.0,-308000000.0,,,,,,-1577000000.0,-1577000000.0,-1577000000.0,,73000000.0,-6000000.0,-6000000.0,665000000.0,1191000000.0,-526000000.0,-586000000.0,-628000000.0,,,3221000000.0,-528000000.0,40000000.0,621000000.0,1162000000.0,,4000000.0,,1760000000.0,,1760000000.0,,,1813000000.0,970082.0,184698144.0,185668226.0,,16982000000.0,-15156000000.0,7583000000.0,-397000000.0,-15156000000.0,,7583000000.0,7583000000.0,7789000000.0,206000000.0,7583000000.0,,191000000.0,9035000000.0,185000000.0,185000000.0,35866000000.0,19176000000.0,,976000000.0,16094000000.0,,,755000000.0,16690000000.0,845000000.0,888000000.0,,,,961000000.0,7334000000.0,,1677000000.0,5657000000.0,43655000000.0,27362000000.0,,790000000.0,,457000000.0,457000000.0,,,22739000000.0,2986000000.0,19753000000.0,3376000000.0,-4545000000.0,7921000000.0,,4032000000.0,1307000000.0,2582000000.0,,0.0,16293000000.0,359000000.0,177000000.0,,,1120000000.0,185000000.0,10406000000.0,-162000000.0,10568000000.0,3531000000.0,3428000000.0,-1980000.0,0.22,2813000000.0,441000000.0,-9000000.0,514000000.0,1760000000.0,5020000000.0,3254000000.0,1430000000.0,-605000000.0,385000000.0,41000000.0,971020000.0,615000000.0,69651000000.0,186003000.0,184698000.0,3.3,3.3,615000000.0,615000000.0,0.0,615000000.0,-22000000.0,637000000.0,536000000.0,509000000.0,1045000000.0,-9000000.0,-518000000.0,77000000.0,-605000000.0,261000000.0,385000000.0,41000000.0,1712000000.0,64631000000.0,16438000000.0,1824000000.0,64000000.0,1760000000.0,,,66343000000.0,5020000000.0,71363000000.0,71363000000.0,,,,,42000000.0,,,,,1351000000.0,,,,103000000.0,,-2000000.0,,,,,,-473000000.0,-110000000.0,62000000.0,,,,,,,,,,,,0.0,,31000000.0,,,,1701000000.0,,,,,,,,,,,515000000.0,101000000.0,,,,,,,,,,,,,,,,,,,,,,,,,,,,,,,,,,,,,,,,,,,,,,,,,,,,,,,,,,,,,,,,,,,,,,,,,,,,
DSV.CO,2024-12-31,1521.82,9222000000.0,-3347000000.0,-2445000000.0,41406000000.0,-2429000000.0,83576000000.0,6452000000.0,-95000000.0,77219000000.0,67943000000.0,7000000.0,,-1533000000.0,,34760000000.0,-3347000000.0,38961000000.0,38961000000.0,-2445000000.0,41406000000.0,-2375000000.0,-930000000.0,,0.0,,0.0,-337000000.0,-337000000.0,-1108000000.0,-2092000000.0,11651000000.0,-3622000000.0,650000000.0,-4212000000.0,,,,,,,,,,21831000000.0,5500000.0,234944523.0,240444523.0,,82817000000.0,36305000000.0,175326000000.0,87298000000.0,36305000000.0,21673000000.0,114182000000.0,175034000000.0,114503000000.0,321000000.0,114182000000.0,,6000000.0,113705000000.0,240000000.0,240000000.0,122042000000.0,82828000000.0,,408000000.0,78176000000.0,17324000000.0,60852000000.0,3787000000.0,39214000000.0,,4641000000.0,4349000000.0,292000000.0,,1503000000.0,25007000000.0,8696000000.0,1855000000.0,14456000000.0,236545000000.0,110033000000.0,,3312000000.0,,,,,,77877000000.0,1232000000.0,76645000000.0,25492000000.0,-4222000000.0,29714000000.0,592000000.0,254000000.0,6209000000.0,18459000000.0,4200000000.0,0.0,126512000000.0,,5007000000.0,,81000000.0,10670000000.0,,27222000000.0,-371000000.0,27593000000.0,81790000000.0,81790000000.0,-198198000.0,0.242,21983000000.0,-819000000.0,-819000000.0,10109000000.0,5769000000.0,124132000000.0,21164000000.0,15395000000.0,-1425000000.0,1972000000.0,650000000.0,10729802000.0,10109000000.0,151044000000.0,,,,,10109000000.0,10109000000.0,0.0,10109000000.0,-66000000.0,10175000000.0,10175000000.0,3248000000.0,13423000000.0,-819000000.0,-34000000.0,853000000.0,-1425000000.0,103000000.0,1972000000.0,650000000.0,16062000000.0,26912000000.0,4652000000.0,5769000000.0,311000000.0,5458000000.0,,,42974000000.0,124132000000.0,167106000000.0,167106000000.0,38107000000.0,38107000000.0,,,,984000000.0,,,,457000000.0,,,4926000000.0,,,,,,,,,-2075000000.0,,327000000.0,-722000000.0,,,,,,,,,,,,,1786000000.0,,,,16096000000.0,,,,,,,-4212000000.0,,,,37000000.0,,,,,,,,,,,,,,,,,,,,,,,,,,,,,,,,,,,,,,,,,,,,,,,,,,,,,,,,,,,,,,,,,,,,,,,,,,,,,
DSV.CO,2023-12-31,1172.17,14083000000.0,-13997000000.0,-327000000.0,212000000.0,-2375000000.0,6452000000.0,10160000000.0,-562000000.0,-3146000000.0,-17574000000.0,73000000.0,,-1424000000.0,,-12203000000.0,-13997000000.0,-115000000.0,-115000000.0,-327000000.0,212000000.0,-2030000000.0,-228000000.0,,-685000000.0,,-685000000.0,-345000000.0,-345000000.0,-772000000.0,-2030000000.0,16458000000.0,-5589000000.0,473000000.0,826000000.0,,,,,,,,,,22997000000.0,9839298.0,209160702.0,219000000.0,17609000000.0,40090000000.0,-8403000000.0,90846000000.0,4035000000.0,-8403000000.0,17947000000.0,68703000000.0,88707000000.0,68966000000.0,263000000.0,68703000000.0,,10000000.0,69202000000.0,219000000.0,219000000.0,78144000000.0,39805000000.0,,609000000.0,34143000000.0,14139000000.0,20004000000.0,3772000000.0,38339000000.0,,5947000000.0,3808000000.0,2139000000.0,,1967000000.0,22505000000.0,8138000000.0,1256000000.0,13111000000.0,147110000000.0,104736000000.0,,3300000000.0,,,,,,77106000000.0,1332000000.0,75774000000.0,21869000000.0,-3584000000.0,25453000000.0,580000000.0,299000000.0,5256000000.0,15356000000.0,3962000000.0,0.0,42374000000.0,,4314000000.0,,67000000.0,9268000000.0,,22296000000.0,-331000000.0,22627000000.0,4534000000.0,4534000000.0,9176000.0,0.248,23240000000.0,37000000.0,37000000.0,12315000000.0,5311000000.0,106967000000.0,23277000000.0,17966000000.0,-1080000000.0,1476000000.0,469000000.0,12287176000.0,12315000000.0,133099000000.0,215518000.0,213518000.0,57.1,57.7,12315000000.0,12315000000.0,0.0,12315000000.0,-92000000.0,12407000000.0,12407000000.0,4083000000.0,16490000000.0,37000000.0,30000000.0,-67000000.0,-1080000000.0,73000000.0,1476000000.0,469000000.0,17686000000.0,26132000000.0,4838000000.0,5311000000.0,332000000.0,4979000000.0,,,43818000000.0,106967000000.0,150785000000.0,150785000000.0,1794000000.0,1794000000.0,,,,1258000000.0,,,,1281000000.0,,,4247000000.0,,,,,,,,,-1549000000.0,,267000000.0,-704000000.0,,,,,,,,,,,,,1918000000.0,,,,17723000000.0,,,,,,,826000000.0,,,,44000000.0,,,,,,,,,,,,,,,,,,,,,,,,,,,,,,,,,,,,,,,,,,,,,,,,,,,,,,,,,,,,,,,,,,,,,,,,,,,,,
DSV.CO,2022-12-31,1078.58,25052000000.0,-20313000000.0,-3719000000.0,4393000000.0,-1794000000.0,10160000000.0,8299000000.0,226000000.0,1635000000.0,-24245000000.0,-170000000.0,,-1320000000.0,,-19695000000.0,-20313000000.0,674000000.0,674000000.0,-3719000000.0,4393000000.0,-966000000.0,4000000.0,,0.0,,0.0,-280000000.0,-280000000.0,-690000000.0,-1514000000.0,26846000000.0,-5178000000.0,323000000.0,2840000000.0,,,,-664000000.0,,,,,,30275000000.0,2100000.0,216900000.0,219000000.0,13829000000.0,38979000000.0,-6155000000.0,93731000000.0,7669000000.0,-6155000000.0,16767000000.0,71519000000.0,92917000000.0,71741000000.0,222000000.0,71519000000.0,,2000000.0,70381000000.0,219000000.0,219000000.0,87304000000.0,40535000000.0,,504000000.0,34588000000.0,13190000000.0,21398000000.0,4260000000.0,46769000000.0,,4391000000.0,3577000000.0,814000000.0,,2407000000.0,27886000000.0,9640000000.0,3254000000.0,14992000000.0,159045000000.0,104607000000.0,,3494000000.0,,,,,,77674000000.0,1381000000.0,76293000000.0,20978000000.0,-3016000000.0,23994000000.0,414000000.0,409000000.0,4425000000.0,14285000000.0,4461000000.0,0.0,54438000000.0,,1889000000.0,,93000000.0,9964000000.0,,32387000000.0,-873000000.0,33260000000.0,8383000000.0,8383000000.0,-266963000.0,0.239,30788000000.0,-1117000000.0,-1117000000.0,17568000000.0,5071000000.0,183516000000.0,29671000000.0,24600000000.0,-1149000000.0,1379000000.0,323000000.0,18418037000.0,17568000000.0,210461000000.0,230467000.0,227317000.0,76.2,77.3,17568000000.0,17568000000.0,0.0,17568000000.0,-103000000.0,17671000000.0,17671000000.0,5550000000.0,23221000000.0,-1117000000.0,,1117000000.0,-1149000000.0,93000000.0,1379000000.0,323000000.0,25204000000.0,26945000000.0,5559000000.0,5071000000.0,439000000.0,4632000000.0,,,52149000000.0,183516000000.0,235665000000.0,235665000000.0,618000000.0,618000000.0,,,,824000000.0,,,,1183000000.0,,,1796000000.0,,,,,,,,,-1472000000.0,,202000000.0,520000000.0,,,,,,,,,,,,,1777000000.0,,,,25204000000.0,,,,,,,2840000000.0,,,,38000000.0,,,,,,,,,,,,,,,,,,,,,,,,,,,,,,,,,,,,,,,,,,,,,,,,,,,,,,,,,,,,,,,,,,,,,,,,,,,,,
DSV.CO,2021-12-31,1496.32,10719000000.0,-17841000000.0,-489000000.0,12834000000.0,-1483000000.0,8299000000.0,4060000000.0,297000000.0,3942000000.0,-8680000000.0,112000000.0,,-920000000.0,,-17057000000.0,-17841000000.0,12345000000.0,12345000000.0,-489000000.0,12834000000.0,420000000.0,-148000000.0,,1631000000.0,,,-303000000.0,-303000000.0,-760000000.0,-1180000000.0,12202000000.0,-2263000000.0,153000000.0,-4604000000.0,,,,-828000000.0,,,,,,20417000000.0,5800000.0,234200000.0,240000000.0,13166000000.0,36753000000.0,-2558000000.0,95568000000.0,5411000000.0,-2558000000.0,15288000000.0,74103000000.0,91096000000.0,74278000000.0,175000000.0,74103000000.0,,,74219000000.0,240000000.0,240000000.0,87117000000.0,33704000000.0,,447000000.0,28841000000.0,11848000000.0,16993000000.0,3508000000.0,53413000000.0,,7912000000.0,3440000000.0,4472000000.0,,1841000000.0,30371000000.0,10257000000.0,3074000000.0,17040000000.0,161395000000.0,102571000000.0,,3544000000.0,,,,,,76661000000.0,1598000000.0,75063000000.0,19971000000.0,-2765000000.0,22736000000.0,282000000.0,4426000000.0,,13121000000.0,4907000000.0,0.0,58824000000.0,,284000000.0,,119000000.0,13806000000.0,,36369000000.0,-757000000.0,37126000000.0,8299000000.0,8299000000.0,-117110000.0,0.245,20496000000.0,-478000000.0,-478000000.0,11205000000.0,4194000000.0,144691000000.0,20018000000.0,15824000000.0,-792000000.0,920000000.0,202000000.0,11565890000.0,11205000000.0,166083000000.0,232639000.0,227501000.0,48.2,49.3,11205000000.0,11205000000.0,0.0,11205000000.0,-49000000.0,11254000000.0,11254000000.0,3650000000.0,14904000000.0,-478000000.0,,478000000.0,-792000000.0,74000000.0,920000000.0,202000000.0,16223000000.0,21392000000.0,4173000000.0,4194000000.0,430000000.0,3764000000.0,4173000000.0,4173000000.0,37615000000.0,144691000000.0,182306000000.0,182306000000.0,784000000.0,784000000.0,,,420000000.0,420000000.0,,,,908000000.0,,,165000000.0,,,,,,,,,-938000000.0,,160000000.0,105000000.0,,,,,,,,,,,,,,,,,16223000000.0,,,,,,,-4604000000.0,,,,66000000.0,,,,,,,,,,,,,,,,,,,,,,,,,,,,,,,,,,,,,,,,,,,,,,,,,,,,,,,,,,,,,,,,,,,,,,,,,,,,,
DSV.CO,2020-12-31,992.16,,,,,,,,,,,,,,-588000000.0,,,,,,,,,,,,,,,,,,,,,,,,-1944000000.0,,,,,,,,,,4821000000.0,,,,,,,,,,,,,4000000.0,,,,,,,,,,,,,,,,,,,,,,,,,,,,,,,,,,,,,,,,,,,,,,,,,,,,,,,,,,,,,,,,,,,,,,,,231576000.0,227246000.0,18.4,18.7,,,,,,,,,,,,,,,,,,,,,,,3291000000.0,3291000000.0,,,,,,,,,803000000.0,,,,,,,,,,,,228000000.0,,,,,,,,,,,,,,,,,,,,,,,,,,,,,,,,,,,,,,,,,,,,,,,,,,,,,,,,,,,,,,,,,,,,,,,,,,,,,,,,,,,,,,,,,,,,,,,,,,,,,,,,,,,,,,,,,
SCHO.CO,2024-12-31,538.0,1861000000.0,-291000000.0,,,-692000000.0,892000000.0,584000000.0,,302000000.0,-1628000000.0,-118000000.0,,-399000000.0,,-245000000.0,-291000000.0,-565000000.0,,,,-623000000.0,-3000000.0,,-6000000.0,,-6000000.0,-39000000.0,-40000000.0,-640000000.0,-652000000.0,2553000000.0,-444000000.0,97000000.0,533000000.0,239000000.0,,817000000.0,14000000.0,,,,,,2931000000.0,1969913.0,23030087.0,25000000.0,4711000000.0,6443000000.0,6859000000.0,16882000000.0,5352000000.0,6859000000.0,840000000.0,11279000000.0,15337000000.0,12233000000.0,954000000.0,11279000000.0,,,10477000000.0,250000000.0,250000000.0,15890000000.0,5837000000.0,62000000.0,503000000.0,4619000000.0,561000000.0,4058000000.0,41000000.0,10053000000.0,97000000.0,1824000000.0,279000000.0,1545000000.0,,81000000.0,7458000000.0,1469000000.0,202000000.0,5787000000.0,28123000000.0,12718000000.0,,177000000.0,,95000000.0,,643000000.0,417000000.0,4420000000.0,1450000000.0,2970000000.0,7171000000.0,-8167000000.0,15338000000.0,823000000.0,214000000.0,9069000000.0,1053000000.0,4179000000.0,0.0,15405000000.0,205000000.0,7249000000.0,123000000.0,2257000000.0,501000000.0,143000000.0,6415000000.0,-151000000.0,6566000000.0,892000000.0,892000000.0,600141.542817,0.300071,3049000000.0,2000000.0,2000000.0,950000000.0,1103000000.0,24264000000.0,3051000000.0,1948000000.0,-437000000.0,535000000.0,98000000.0,948600141.542817,950000000.0,32843000000.0,,,,,950000000.0,950000000.0,0.0,950000000.0,-39000000.0,989000000.0,989000000.0,424000000.0,1413000000.0,3000000.0,-4000000.0,0.0,-437000000.0,,535000000.0,98000000.0,1823000000.0,8579000000.0,2481000000.0,1103000000.0,190000000.0,913000000.0,775000000.0,,10402000000.0,24264000000.0,34666000000.0,34666000000.0,46000000.0,46000000.0,,40000000.0,1000000.0,12000000.0,,,13000000.0,78000000.0,,,441000000.0,,,,,1000000.0,775000000.0,,,-549000000.0,-523000000.0,,-29000000.0,,,,479000000.0,42000000.0,,,,,226000000.0,,,,4428000000.0,,,,,6000000.0,,-1000000.0,,,,,,,,,,,,,,,,,,,,,,,,,,,,,,,,,,,,,,,,-565000000.0,,,,,,,,,,,,,,,,,,,,,,,,,,,,,,,,,,,,,,,,,,,,
SCHO.CO,2023-12-31,536.71,910000000.0,-75000000.0,-902000000.0,1677000000.0,-867000000.0,584000000.0,712000000.0,,-111000000.0,-367000000.0,774000000.0,,-377000000.0,,19000000.0,-75000000.0,-494000000.0,775000000.0,-902000000.0,1677000000.0,-1521000000.0,0.0,,-685000000.0,,-685000000.0,-48000000.0,-48000000.0,-811000000.0,-819000000.0,1777000000.0,-452000000.0,60000000.0,-377000000.0,-1350000000.0,,945000000.0,191000000.0,,,,,,2849000000.0,2037976.0,23462024.0,25500000.0,5631000000.0,7108000000.0,6151000000.0,16871000000.0,5293000000.0,6151000000.0,893000000.0,10656000000.0,15126000000.0,11556000000.0,900000000.0,10656000000.0,,,10064000000.0,255000000.0,255000000.0,16340000000.0,6358000000.0,69000000.0,488000000.0,5090000000.0,620000000.0,4470000000.0,40000000.0,9982000000.0,28000000.0,2018000000.0,273000000.0,1745000000.0,,91000000.0,7258000000.0,1527000000.0,309000000.0,5422000000.0,27896000000.0,12623000000.0,,203000000.0,,92000000.0,,615000000.0,417000000.0,4505000000.0,1583000000.0,2922000000.0,7014000000.0,-7279000000.0,14293000000.0,668000000.0,180000000.0,8513000000.0,951000000.0,3981000000.0,0.0,15275000000.0,169000000.0,8003000000.0,43000000.0,2256000000.0,453000000.0,197000000.0,5869000000.0,-134000000.0,6003000000.0,584000000.0,584000000.0,-11827359.180688,0.275055,2897000000.0,-7000000.0,-43000000.0,935000000.0,1071000000.0,27133000000.0,2890000000.0,1819000000.0,-391000000.0,452000000.0,61000000.0,1002172640.819312,935000000.0,35437000000.0,23511815.0,23501510.0,39.76,39.78,935000000.0,935000000.0,0.0,935000000.0,-56000000.0,991000000.0,991000000.0,376000000.0,1367000000.0,-49000000.0,-3000000.0,2000000.0,-391000000.0,,452000000.0,61000000.0,1772000000.0,8304000000.0,2358000000.0,1071000000.0,203000000.0,868000000.0,795000000.0,,10076000000.0,27133000000.0,37209000000.0,37209000000.0,94000000.0,94000000.0,,29000000.0,0.0,8000000.0,,,3000000.0,78000000.0,1000000.0,,485000000.0,,,,,14000000.0,795000000.0,,0.0,-449000000.0,28000000.0,,-44000000.0,,,,545000000.0,45000000.0,,,,,198000000.0,,,,5219000000.0,,,,,-17000000.0,,,,,,,,,,,,,,,,,,,,,,,,,,,,,,,,,,,,,,,,,,-494000000.0,,,,,,,,,,,,,,,,,,,,,,,,,,,,,,,,,,,,,,,,,,,,
SCHO.CO,2022-12-31,495.41,-787000000.0,-292000000.0,-92000000.0,2569000000.0,-1106000000.0,712000000.0,490000000.0,,197000000.0,1377000000.0,13000000.0,,-374000000.0,,-292000000.0,-292000000.0,2270000000.0,2477000000.0,-92000000.0,2569000000.0,-1499000000.0,6000000.0,,-414000000.0,0.0,-414000000.0,-38000000.0,-38000000.0,-1063000000.0,-1068000000.0,319000000.0,-269000000.0,,-1548000000.0,644000000.0,,-1912000000.0,-19000000.0,,,,,,2282000000.0,2082176.0,23417824.0,25500000.0,5219000000.0,6678000000.0,6081000000.0,16279000000.0,6044000000.0,6081000000.0,747000000.0,10348000000.0,15695000000.0,11237000000.0,889000000.0,10348000000.0,383000000.0,,9535000000.0,255000000.0,255000000.0,17208000000.0,7020000000.0,70000000.0,480000000.0,5841000000.0,494000000.0,5347000000.0,39000000.0,10188000000.0,200000000.0,837000000.0,253000000.0,584000000.0,,163000000.0,8308000000.0,1566000000.0,180000000.0,6562000000.0,28445000000.0,12214000000.0,,189000000.0,,92000000.0,,680000000.0,498000000.0,4267000000.0,1451000000.0,2816000000.0,6788000000.0,-6684000000.0,13472000000.0,1268000000.0,153000000.0,7933000000.0,693000000.0,3425000000.0,0.0,16232000000.0,240000000.0,9043000000.0,238000000.0,2308000000.0,432000000.0,56000000.0,5749000000.0,-195000000.0,5944000000.0,712000000.0,712000000.0,19875000.0,0.265,2413000000.0,75000000.0,75000000.0,960000000.0,994000000.0,24066000000.0,2488000000.0,1494000000.0,-152000000.0,190000000.0,38000000.0,904875000.0,960000000.0,31349000000.0,23660444.0,23658475.0,40.58,40.59,960000000.0,960000000.0,0.0,960000000.0,-33000000.0,993000000.0,993000000.0,311000000.0,1304000000.0,74000000.0,-1000000.0,-73000000.0,-152000000.0,-73000000.0,190000000.0,38000000.0,1287000000.0,7283000000.0,2223000000.0,994000000.0,,994000000.0,929000000.0,,8570000000.0,24066000000.0,32636000000.0,32636000000.0,0.0,0.0,,10000000.0,,5000000.0,,,5000000.0,48000000.0,-1000000.0,,569000000.0,,,,,,929000000.0,,6000000.0,-136000000.0,-280000000.0,,9000000.0,,,,483000000.0,54000000.0,,,,,182000000.0,,,,5928000000.0,,,1288000000.0,,25000000.0,,-414000000.0,,,,,,,,,,,,,,,,,,,,,,,,,,,,,,,,,,,,,,,,-207000000.0,,,,,,,,,,,,,,,,,,,,,,,,,,,,,,,,,,,,,,,,,,,,
SCHO.CO,2021-12-31,524.48,-255000000.0,-6000000.0,-45000000.0,536000000.0,-772000000.0,490000000.0,635000000.0,,-170000000.0,237000000.0,3000000.0,,-348000000.0,,-6000000.0,-6000000.0,808000000.0,491000000.0,-45000000.0,536000000.0,-924000000.0,3000000.0,,1000000.0,1000000.0,-45000000.0,-21000000.0,-21000000.0,-697000000.0,-751000000.0,517000000.0,-381000000.0,,-1277000000.0,1208000000.0,,-1614000000.0,71000000.0,,,,,,2181000000.0,1531102.0,23968898.0,25500000.0,2232000000.0,3453000000.0,6726000000.0,12974000000.0,3337000000.0,6726000000.0,731000000.0,10252000000.0,12120000000.0,10649000000.0,397000000.0,10252000000.0,383000000.0,,9582000000.0,255000000.0,255000000.0,10839000000.0,3002000000.0,70000000.0,372000000.0,2384000000.0,516000000.0,1868000000.0,31000000.0,7837000000.0,8000000.0,1069000000.0,215000000.0,854000000.0,,66000000.0,6169000000.0,1436000000.0,72000000.0,4661000000.0,21488000000.0,10313000000.0,,131000000.0,,91000000.0,91000000.0,559000000.0,411000000.0,3526000000.0,1035000000.0,2536000000.0,5765000000.0,-5924000000.0,11689000000.0,604000000.0,132000000.0,7184000000.0,563000000.0,3206000000.0,0.0,11174000000.0,71000000.0,5514000000.0,86000000.0,1753000000.0,296000000.0,77000000.0,4726000000.0,-163000000.0,4889000000.0,490000000.0,490000000.0,6102000.0,0.226,2250000000.0,27000000.0,27000000.0,1008000000.0,858000000.0,17177000000.0,2277000000.0,1419000000.0,-79000000.0,97000000.0,18000000.0,987102000.0,1008000000.0,22911000000.0,24078612.0,23979219.0,41.85,42.03,1008000000.0,1008000000.0,0.0,1008000000.0,-26000000.0,1033000000.0,1033000000.0,288000000.0,1322000000.0,17000000.0,-17000000.0,0.0,-79000000.0,13000000.0,97000000.0,18000000.0,1308000000.0,5734000000.0,1595000000.0,858000000.0,,858000000.0,694000000.0,,7042000000.0,17177000000.0,24219000000.0,24219000000.0,0.0,0.0,,0.0,,54000000.0,,,-2000000.0,88000000.0,,,297000000.0,,,,,,694000000.0,,3000000.0,-66000000.0,-871000000.0,,-12000000.0,,,,0.0,59000000.0,,,,,148000000.0,,,,3378000000.0,,,1323000000.0,105000000.0,25000000.0,,-55000000.0,,,,,,,,,,,,,,,,,,,,,,,,,,,,,,,,,,,,,,,,317000000.0,,,,,,,,,,,,,,,,,,,,,,,,,,,,,,,,,,,,,,,,,,,,
SCHO.CO,2020-12-31,555.63,,,-360000000.0,0.0,,,,,,,,,,-336000000.0,,,,-360000000.0,-360000000.0,0.0,,,,,0.0,,,,,,,,19000000.0,,,,,,622000000.0,129000000.0,493000000.0,,,,,,,,,,,,,,,,,,,357000000.0,,,,,,,,,,,,,,,,,,,,,,,,,,,,,,80000000.0,,,,,,,,,,,,,,,,,,,,,,,,,,,,,,,,,,,,,,,,,,,23998848.0,23973499.0,38.0,38.04,,,,,,,,,,,,,,12000000.0,,,,,,,,,,831000000.0,,,,,,,,,,,,,,,-1000000.0,,,,,2000000.0,,,,,22000000.0,,,,,,,,,,,,,,,,,,,,,1376000000.0,99000000.0,,,-62000000.0,,,,,,,,,,,,,,,,,,,,,,,,,,,,,,,,,,,,,,,,,,,,,,,,,,,,,,,,,,,,,,,,,,,,,,,,,,,,,,,,,,,,
NETC.CO,2024-12-31,339.0,821000000.0,-727500000.0,-123400000.0,0.0,-145900000.0,250900000.0,448100000.0,3100000.0,-200200000.0,-988900000.0,100000.0,,,,-727500000.0,-727500000.0,-123400000.0,-123400000.0,-123400000.0,0.0,-178200000.0,-32400000.0,,0.0,,0.0,,,-54900000.0,-54900000.0,966900000.0,-211600000.0,17400000.0,145000000.0,304300000.0,,,-6200000.0,304300000.0,116300000.0,188000000.0,5000000.0,,785500000.0,2747635.0,47252365.0,50000000.0,1360300000.0,2464600000.0,-93300000.0,5226600000.0,1051300000.0,-93300000.0,853400000.0,3615400000.0,5189300000.0,3615400000.0,0.0,3615400000.0,90100000.0,884100000.0,4350100000.0,50000000.0,50000000.0,4456900000.0,2349300000.0,,44700000.0,2280900000.0,707000000.0,1573900000.0,,2107600000.0,,183700000.0,146400000.0,37300000.0,116400000.0,2100000.0,771300000.0,286800000.0,141400000.0,343100000.0,8072300000.0,4913400000.0,,46500000.0,,1300000.0,1300000.0,187600000.0,109000000.0,3708700000.0,456700000.0,3252000000.0,894300000.0,-552000000.0,1446300000.0,,202800000.0,99700000.0,1143800000.0,,0.0,3158900000.0,113200000.0,,,,1493900000.0,18300000.0,1282600000.0,-1600000.0,1284300000.0,250900000.0,250900000.0,-2083300.0,0.251,1069700000.0,-8300000.0,-8300000.0,470200000.0,304300000.0,4634400000.0,1061400000.0,757100000.0,-144500000.0,133100000.0,14600000.0,476416700.0,470200000.0,5747000000.0,49100000.0,48600000.0,9.6,9.7,470200000.0,470200000.0,0.0,470200000.0,2700000.0,467500000.0,467500000.0,156500000.0,624000000.0,-8300000.0,5600000.0,2700000.0,-144500000.0,26000000.0,133100000.0,14600000.0,793600000.0,1112600000.0,100000.0,282000000.0,116300000.0,165700000.0,432600000.0,406500000.0,1906200000.0,4634400000.0,6540600000.0,6540600000.0,,,,,,0.0,,,,23700000.0,,,,,,300000.0,,,26100000.0,,,-128100000.0,-159300000.0,55700000.0,,,,,,,,,,,78600000.0,,,,,250900000.0,,785500000.0,,-100000.0,,100000.0,-91000000.0,,,,2500000.0,,,,,,,,,,,,,,,,,,,,,,,,,,,,,,,,,,,,,,,,,,,,,,,,,,,,,,,,,,,,,,,,,,,,,,,,,,,,,,,
NETC.CO,2023-12-31,225.6,552200000.0,-32000000.0,-314300000.0,127500000.0,-206400000.0,448100000.0,336000000.0,-400000.0,112400000.0,-343400000.0,-100000.0,,,,-32000000.0,-32000000.0,-186800000.0,-186800000.0,-314300000.0,127500000.0,-302800000.0,5100000.0,,-106300000.0,,-106300000.0,0.0,0.0,-93600000.0,-98500000.0,758600000.0,-103300000.0,7600000.0,26700000.0,327500000.0,,,-5100000.0,322700000.0,134200000.0,188500000.0,6700000.0,,578000000.0,429144.0,49570856.0,50000000.0,1285700000.0,2610300000.0,90400000.0,5557300000.0,1285400000.0,90400000.0,876500000.0,3823500000.0,5410400000.0,3830000000.0,6500000.0,3823500000.0,67200000.0,193100000.0,3892700000.0,50000000.0,50000000.0,4329800000.0,2436700000.0,,69000000.0,2348700000.0,761800000.0,1586900000.0,,1893100000.0,,261600000.0,114700000.0,146900000.0,113900000.0,16700000.0,808400000.0,297800000.0,170600000.0,340000000.0,8159800000.0,4981400000.0,,41800000.0,,1100000.0,1100000.0,204100000.0,114600000.0,3733100000.0,481100000.0,3252000000.0,944400000.0,-477600000.0,1422000000.0,,248400000.0,66700000.0,1106900000.0,,0.0,3178500000.0,122000000.0,,,,1346600000.0,0.0,1261800000.0,-19100000.0,1280900000.0,448100000.0,448100000.0,-148500.0,0.297,869300000.0,-500000.0,-500000.0,303500000.0,322700000.0,4375400000.0,868800000.0,546100000.0,-129100000.0,113800000.0,3400000.0,303851500.0,303500000.0,5500200000.0,49800000.0,49500000.0,6.09,6.13,303500000.0,303500000.0,0.0,303500000.0,-500000.0,304000000.0,304000000.0,128200000.0,432300000.0,-500000.0,,500000.0,-129100000.0,18700000.0,113800000.0,3400000.0,578200000.0,1124800000.0,300000.0,304400000.0,134200000.0,170200000.0,456600000.0,425900000.0,1703000000.0,4375400000.0,6078400000.0,6078400000.0,,,,,,4900000.0,,,,19000000.0,-100000.0,,,,,300000.0,,,30700000.0,,,-117300000.0,-300800000.0,42600000.0,,,,,,,,,,,89500000.0,,,,,448100000.0,,578000000.0,,100000.0,,-100000.0,-107900000.0,,,,2500000.0,,,,,,,,,,,,,,,,,,,,,,,,,,,,,,,,,,,,,,,,,,,,,,,,,,,,,,,,,,,,,,,,,,,,,,,,,,,,,,,
NETC.CO,2022-12-31,294.2,602800000.0,-131500000.0,-2610000000.0,2182800000.0,-170200000.0,336000000.0,458800000.0,-5400000.0,-117300000.0,-646000000.0,-1000.0,,,,-131500000.0,-131500000.0,-427200000.0,-427200000.0,-2610000000.0,2182800000.0,-244300000.0,-24500000.0,,-50000000.0,,-50000000.0,-20000000.0,-20000000.0,-51700000.0,-52200000.0,773000000.0,-234100000.0,7300000.0,-59300000.0,166200000.0,,,-2700000.0,272700000.0,134100000.0,138600000.0,-8000000.0,,839400000.0,901359.0,49098641.0,50000000.0,1583700000.0,2185600000.0,-359200000.0,5440400000.0,1298200000.0,-359200000.0,265900000.0,3520700000.0,5393100000.0,3526900000.0,6200000.0,3520700000.0,54200000.0,313300000.0,3731000000.0,50000000.0,50000000.0,3667000000.0,2177600000.0,,111000000.0,2052900000.0,180500000.0,1872400000.0,,1489400000.0,,132700000.0,85400000.0,47300000.0,102800000.0,11600000.0,721400000.0,345200000.0,111000000.0,265200000.0,7193900000.0,4406400000.0,,32700000.0,,1300000.0,1300000.0,105400000.0,8000000.0,3879900000.0,507400000.0,3372500000.0,329600000.0,-295700000.0,625300000.0,,557900000.0,,67400000.0,,0.0,2787600000.0,124400000.0,,,,1179200000.0,36000000.0,1112000000.0,-16600000.0,1128500000.0,336000000.0,336000000.0,-588700.0,0.203,1081000000.0,-2900000.0,-2900000.0,603400000.0,272700000.0,3772200000.0,1078100000.0,805400000.0,-62500000.0,48900000.0,3000000.0,605711300.0,603400000.0,4710600000.0,49700000.0,49200000.0,12.15,12.26,603400000.0,603400000.0,0.0,603400000.0,600000.0,602800000.0,602800000.0,153800000.0,756500000.0,-2900000.0,-5000000.0,7900000.0,-62500000.0,16600000.0,48900000.0,3000000.0,834100000.0,938400000.0,,248600000.0,134100000.0,114500000.0,399200000.0,369400000.0,1772500000.0,3772200000.0,5544600000.0,5544600000.0,,,,,,500000.0,,,-100000.0,13800000.0,100000.0,,,,,300000.0,,,29800000.0,,4432000.0,-67300000.0,-225500000.0,25100000.0,,,,,,,,,,,97400000.0,,,,,336000000.0,,839400000.0,,-100000.0,,-100000.0,-98000000.0,,,,2500000.0,,0.0,,,,,,,,,,,,,,,,,,,,,,,,,,,,,,,,,,,,,,,,,,,,,,,,,,,,,,,,,,,,,,,,,,,,,,,,,,,,,
NETC.CO,2021-12-31,704.5,408047000.0,-99993000.0,-612076000.0,1700545000.0,-57550000.0,458779000.0,358996000.0,6281000.0,93501000.0,882388000.0,,,-49100000.0,,-99993000.0,-99993000.0,1088469000.0,1088469000.0,-612076000.0,1700545000.0,-1254484000.0,0.0,,-1325938000.0,,-1325938000.0,0.0,0.0,-43925000.0,-46246000.0,465597000.0,-197489000.0,2914000.0,-189249000.0,-42303000.0,,,43685000.0,139201000.0,51424000.0,87777000.0,,,703833000.0,827110.0,49172890.0,50000000.0,1891506000.0,2596909000.0,-865077000.0,5381406000.0,1339380000.0,-865077000.0,246624000.0,3031121000.0,5306909000.0,3037917000.0,6796000.0,3031121000.0,70177000.0,241409000.0,3145769000.0,50000000.0,50000000.0,3983233000.0,2670720000.0,94498000.0,134255000.0,2423767000.0,147979000.0,2275788000.0,,1312513000.0,,173142000.0,98645000.0,74497000.0,0.0,8839000.0,779652000.0,446006000.0,5150000.0,328496000.0,7021150000.0,4369255000.0,,17391000.0,,2102000.0,2102000.0,110444000.0,7211000.0,3896198000.0,523745000.0,3372453000.0,314418000.0,-204058000.0,518476000.0,,468735000.0,,49741000.0,,0.0,2651893000.0,74900000.0,,,,1083211000.0,0.0,1031880000.0,-16920000.0,1048800000.0,458779000.0,458779000.0,8473760.0,0.211,845272000.0,40160000.0,40160000.0,576142000.0,139201000.0,2298687000.0,885432000.0,746231000.0,-30523000.0,18613000.0,220000.0,544455760.0,576142000.0,2890603000.0,49686000.0,49094000.0,11.59,11.73,576142000.0,576142000.0,0.0,576142000.0,1840000.0,574302000.0,574302000.0,153316000.0,727618000.0,40160000.0,1017000.0,-41177000.0,-30523000.0,12130000.0,18613000.0,220000.0,741368000.0,591916000.0,378000.0,109988000.0,51424000.0,58564000.0,263076000.0,237845000.0,1333284000.0,2298687000.0,3631971000.0,3631971000.0,,,,,,2321000.0,,,2000.0,18198000.0,,,,,,1210000.0,,,25231000.0,,0.0,-37298000.0,-146947000.0,,,,,,,,,,,,103233000.0,,,,,458779000.0,,703833000.0,,1000.0,,126683000.0,-11304000.0,,,,2477000.0,,3123000.0,,,,,,,,,,,,,,,,,,,,,,,,,,,,,,,,,,,,,,,,,,,,,,,,,,,,,,,,,,,,,,,,,,,,,,,,,,,,,
JYSK.CO,2024-12-31,489.32,-35631000000.0,-3202000000.0,,,-2442000000.0,48355000000.0,82051000000.0,-31000000.0,-33665000000.0,755000000.0,1540000000.0,-219000000.0,-500000000.0,-500000000.0,-1465000000.0,-3202000000.0,1485000000.0,1485000000.0,,,-1231000000.0,,,0.0,,0.0,,,-1337000000.0,-2442000000.0,-33189000000.0,-1466000000.0,,-39290000000.0,,,,140000000.0,598000000.0,,598000000.0,,,5312000000.0,,61547000.0,61547000.0,381357000000.0,436593000000.0,47260000000.0,486955000000.0,,47260000000.0,,50588000000.0,486955000000.0,50588000000.0,,50588000000.0,4924000000.0,,43295000000.0,643000000.0,643000000.0,699612000000.0,,,,436593000000.0,,,,,,,,,,,3586000000.0,,,3586000000.0,750200000000.0,,,,,115477000000.0,33830000000.0,193000000.0,,3328000000.0,487000000.0,2841000000.0,4645000000.0,,4645000000.0,,4442000000.0,,203000000.0,,,,,,,,,275000000.0,,,,,55010000000.0,-13965387.299372,0.258618,,-54000000.0,-54000000.0,5312000000.0,598000000.0,,,,9356000000.0,16624000000.0,25980000000.0,5352034612.700628,5312000000.0,,63099000.0,63099000.0,80.03,80.03,5050000000.0,5050000000.0,262000000.0,5312000000.0,,5312000000.0,5312000000.0,1853000000.0,7165000000.0,-54000000.0,-4000000.0,,,,,,,6859000000.0,0.0,540000000.0,,540000000.0,2334000000.0,2334000000.0,,,14116000000.0,14116000000.0,1737000000.0,1737000000.0,,106000000.0,,1105000000.0,1853000000.0,-357000000.0,,,,,,,,,,58000000.0,,,,,,,21000000.0,,,,16374000000.0,,,,,62650000000.0,,,,,,,37392000000.0,,,,,,,,5576000000.0,,87000000.0,,,,,183000000.0,,,,,,,,,,,,,,,,,,,,,115670000000.0,,,,1109000000.0,,,-4848000000.0,,,,,,,,,,,,,,,,,,,,,55010000000.0,,,,,,,,,,,,,,,,,,,,,,,,,
JYSK.CO,2023-12-31,464.38,15113000000.0,-1763000000.0,,,-1725000000.0,82051000000.0,66866000000.0,-254000000.0,15439000000.0,-992000000.0,,-165000000.0,-500000000.0,-500000000.0,-4000000.0,-1763000000.0,-231000000.0,-231000000.0,,,-407000000.0,,,-9000000.0,,-9000000.0,,,-463000000.0,-1725000000.0,16838000000.0,-1873000000.0,,9723000000.0,,,,853000000.0,673000000.0,,673000000.0,,,5904000000.0,18000.0,64254000.0,64272000.0,356097000000.0,445881000000.0,42491000000.0,491478000000.0,,42491000000.0,,45886000000.0,491478000000.0,45886000000.0,,45886000000.0,3313000000.0,,41266000000.0,643000000.0,643000000.0,733789000000.0,,,,445881000000.0,,,,,,,,,,,3389000000.0,,,3389000000.0,779675000000.0,,,,,121204000000.0,36869000000.0,207000000.0,,3395000000.0,554000000.0,2841000000.0,3937000000.0,,3937000000.0,,3672000000.0,,265000000.0,,,,,,,,,324000000.0,,,,,89495000000.0,-6539553.752535,0.251521,,-26000000.0,-26000000.0,5904000000.0,673000000.0,,,,9648000000.0,15325000000.0,24973000000.0,5923460446.247465,5904000000.0,,64261000.0,64261000.0,89.34,89.34,5741000000.0,5741000000.0,163000000.0,5904000000.0,,5904000000.0,5904000000.0,1984000000.0,7888000000.0,-26000000.0,-2000000.0,,,,,,,6816000000.0,0.0,645000000.0,,645000000.0,2410000000.0,2410000000.0,,,14847000000.0,14847000000.0,1759000000.0,1759000000.0,,65000000.0,,1262000000.0,1984000000.0,-553000000.0,,,,,,,,,,28000000.0,,,,,,,127000000.0,,,,19196000000.0,,,,,63698000000.0,,,,,,,74737000000.0,,,,,,,,-7028000000.0,,89000000.0,,,,,164000000.0,,,,,,,,,,,,,,,,,,,,,121411000000.0,,,,1188000000.0,,,-10229000000.0,,,,,,,,,,,,,,,,,,,,,89495000000.0,,,,,,,,,,,,,,,,,,,,,,,,,
JYSK.CO,2022-12-31,425.92,58497000000.0,-3316000000.0,,,-1666000000.0,66866000000.0,39977000000.0,-404000000.0,27293000000.0,-445000000.0,,-144000000.0,,,-1327000000.0,-3316000000.0,1117000000.0,1117000000.0,,,-32425000000.0,,,-32049000000.0,,-32049000000.0,,,-463000000.0,-1666000000.0,60163000000.0,-1400000000.0,,56698000000.0,,,,-650000000.0,658000000.0,,658000000.0,,,3752000000.0,,64255000.0,64255000.0,352046000000.0,426350000000.0,37296000000.0,466661000000.0,,37296000000.0,,40624000000.0,466661000000.0,40624000000.0,,40624000000.0,3301000000.0,,36512000000.0,643000000.0,643000000.0,709373000000.0,,,,426350000000.0,,,,,,,,,,,2043000000.0,,,2043000000.0,749997000000.0,,,,,123252000000.0,39660000000.0,187000000.0,,3328000000.0,487000000.0,2841000000.0,4193000000.0,,4193000000.0,,3901000000.0,,292000000.0,,,,,,,,,0.0,,,,,73991000000.0,-6372000.0,0.177,,-36000000.0,-36000000.0,3752000000.0,658000000.0,,,,5897000000.0,5401000000.0,11298000000.0,3781628000.0,3752000000.0,,65128000.0,65128000.0,55.35,55.35,3605000000.0,3605000000.0,147000000.0,3752000000.0,,3752000000.0,3752000000.0,805000000.0,4557000000.0,-36000000.0,-6000000.0,,,,,,,5541000000.0,0.0,616000000.0,,616000000.0,1929000000.0,1929000000.0,,,9470000000.0,9470000000.0,1989000000.0,1989000000.0,,87000000.0,,1203000000.0,805000000.0,905000000.0,,,,,,,,,,42000000.0,,,,,,,-605000000.0,,,,27827000000.0,,,,,55505000000.0,,,,,,,58519000000.0,,,,,,,,-7231000000.0,,97000000.0,,,,,168000000.0,,,,,,,,,,,,,,,,,,,,,123439000000.0,,,,537000000.0,,,33281000000.0,,,,,,,,,,,,,,,,,,,,,73991000000.0,,,,,,,,,,,,,,,,,,,,,,,,,
JYSK.CO,2021-12-31,318.05,-4115000000.0,-2991000000.0,,,-1029000000.0,39977000000.0,45489000000.0,-174000000.0,-5338000000.0,-1902000000.0,55000000.0,-176000000.0,,,-1435000000.0,-2991000000.0,-274000000.0,-274000000.0,,,-350000000.0,,,0.0,,0.0,,,-406000000.0,-1029000000.0,-3086000000.0,-873000000.0,,-6774000000.0,,,,123000000.0,604000000.0,,604000000.0,,,3176000000.0,4721000.0,67840000.0,72561000.0,374409000000.0,419317000000.0,38266000000.0,457198000000.0,,38266000000.0,,38266000000.0,457198000000.0,38266000000.0,,38266000000.0,3355000000.0,,34014000000.0,726000000.0,726000000.0,608856000000.0,,,,419317000000.0,,,,,,,,,,,1328000000.0,,,1328000000.0,647122000000.0,,,,,110709000000.0,26953000000.0,227000000.0,227000000.0,0.0,,0.0,4303000000.0,,4303000000.0,,3933000000.0,,370000000.0,,,,147000000.0,,,,,432000000.0,,,,,44523000000.0,5697000.0,0.211,,27000000.0,27000000.0,3176000000.0,604000000.0,,,,5042000000.0,3734000000.0,8776000000.0,3154697000.0,3176000000.0,,70748000.0,70748000.0,42.41,42.41,3000000000.0,3000000000.0,176000000.0,3176000000.0,,3176000000.0,3176000000.0,851000000.0,4027000000.0,27000000.0,-39000000.0,,,,,,,5420000000.0,0.0,592000000.0,,592000000.0,1945000000.0,1945000000.0,,,9200000000.0,9200000000.0,1556000000.0,1556000000.0,,56000000.0,,623000000.0,851000000.0,25000000.0,,,,,,,,,,12000000.0,,,,,,,-218000000.0,,,,25860000000.0,,,,,56002000000.0,,,,,,,30685000000.0,,,,,,,,3983000000.0,,28000000.0,,,,,171000000.0,,,,,,,,,,,,,,,,,,,,,110936000000.0,,,,235000000.0,,,9176000000.0,,,,,,,,,,,,,,,,,,,,,44523000000.0,,,,,,,,,,,,,,,,,,,,,,,,,
ABBN.SW,2024-12-31,48.13,3830000000.0,-1247000000.0,-2488000000.0,1914000000.0,-845000000.0,4326000000.0,3909000000.0,-207000000.0,624000000.0,-3326000000.0,-69000000.0,,-1769000000.0,-1769000000.0,-796000000.0,-1247000000.0,-589000000.0,-574000000.0,-2488000000.0,1914000000.0,-725000000.0,694000000.0,-1563000000.0,-665000000.0,,-665000000.0,,,-738000000.0,-845000000.0,4675000000.0,,,-143000000.0,189000000.0,,-101000000.0,251000000.0,802000000.0,252000000.0,550000000.0,,-60000000.0,3952000000.0,22422600.0,1838192288.0,1860614888.0,2634000000.0,7811000000.0,2885000000.0,21433000000.0,5634000000.0,2885000000.0,866000000.0,14488000000.0,21140000000.0,15060000000.0,572000000.0,14488000000.0,,1091000000.0,20717000000.0,162000000.0,162000000.0,25297000000.0,10081000000.0,847000000.0,675000000.0,7283000000.0,631000000.0,6652000000.0,141000000.0,15216000000.0,152000000.0,528000000.0,235000000.0,293000000.0,1635000000.0,2101000000.0,6613000000.0,703000000.0,874000000.0,5036000000.0,40357000000.0,19507000000.0,,1341000000.0,,,,368000000.0,,11603000000.0,1048000000.0,10555000000.0,5017000000.0,-6029000000.0,11046000000.0,690000000.0,840000000.0,5738000000.0,,,3778000000.0,20850000000.0,287000000.0,5859000000.0,,2026000000.0,1389000000.0,,7114000000.0,,,5645000000.0,4311000000.0,-14884000.0,0.244,6195000000.0,-61000000.0,-61000000.0,3938000000.0,802000000.0,20576000000.0,6134000000.0,5332000000.0,107000000.0,99000000.0,206000000.0,3984116000.0,3935000000.0,27753000000.0,1851000000.0,1844000000.0,2.13,2.13,3935000000.0,3935000000.0,0.0,3935000000.0,-17000000.0,3952000000.0,3955000000.0,1278000000.0,5233000000.0,34000000.0,-117000000.0,56000000.0,107000000.0,,99000000.0,206000000.0,5097000000.0,7177000000.0,,,,,5708000000.0,2154000000.0,12274000000.0,20576000000.0,32850000000.0,32850000000.0,451000000.0,451000000.0,,,,107000000.0,-2000000.0,13000000.0,291000000.0,569000000.0,489000000.0,,1223000000.0,1334000000.0,,111000000.0,,27000000.0,3554000000.0,,2257000000.0,,-179000000.0,,,-92000000.0,-67000000.0,50000000.0,275000000.0,,689000000.0,,,,,,,15000000.0,2610000000.0,,,5071000000.0,1469000000.0,,,-3000000.0,,,-15000000.0,,,541000000.0,,-3000000.0,,,,,,,,,,,,,,,,,,,,,,,,,,,,,,,,-15000000.0,,,,,-8000000.0,,,,,,,,,,,,,,,,,,,,,,,,,,,,,,,,,,,,,,,
ABBN.SW,2023-12-31,35.84,3520000000.0,-1258000000.0,-1567000000.0,2586000000.0,-770000000.0,3909000000.0,4174000000.0,-43000000.0,-222000000.0,-2897000000.0,31000000.0,,-1713000000.0,-1713000000.0,-776000000.0,-1258000000.0,-346000000.0,1019000000.0,-1567000000.0,2586000000.0,-1615000000.0,-1307000000.0,-2066000000.0,305000000.0,530000000.0,-225000000.0,,,-623000000.0,-770000000.0,4290000000.0,,,-113000000.0,-129000000.0,,-3000000.0,158000000.0,780000000.0,263000000.0,517000000.0,,-116000000.0,3824000000.0,40495329.0,1841507246.0,1882002575.0,3937000000.0,8743000000.0,1626000000.0,21238000000.0,3273000000.0,1626000000.0,915000000.0,13410000000.0,18631000000.0,14146000000.0,736000000.0,13410000000.0,,1414000000.0,19724000000.0,163000000.0,163000000.0,26794000000.0,8790000000.0,813000000.0,669000000.0,5887000000.0,666000000.0,5221000000.0,160000000.0,18004000000.0,184000000.0,2856000000.0,249000000.0,2607000000.0,1566000000.0,2411000000.0,6611000000.0,736000000.0,1028000000.0,4847000000.0,40940000000.0,19663000000.0,,1381000000.0,,,,187000000.0,,11784000000.0,1223000000.0,10561000000.0,5035000000.0,-6236000000.0,11271000000.0,713000000.0,893000000.0,5847000000.0,,,3818000000.0,21277000000.0,235000000.0,6149000000.0,,2092000000.0,1429000000.0,,7107000000.0,,,5819000000.0,3891000000.0,29445000.0,0.195,5682000000.0,151000000.0,151000000.0,3769000000.0,780000000.0,21021000000.0,5833000000.0,5053000000.0,-110000000.0,275000000.0,165000000.0,3647445000.0,3745000000.0,27881000000.0,1867000000.0,1855000000.0,2.01,2.02,3745000000.0,3745000000.0,0.0,3745000000.0,-79000000.0,3824000000.0,3848000000.0,930000000.0,4778000000.0,148000000.0,-217000000.0,20000000.0,-110000000.0,,275000000.0,165000000.0,4354000000.0,6860000000.0,,,,,5543000000.0,2128000000.0,11214000000.0,21021000000.0,32235000000.0,32235000000.0,482000000.0,482000000.0,,,,147000000.0,-28000000.0,-83000000.0,329000000.0,686000000.0,496000000.0,,1284000000.0,1928000000.0,,399000000.0,,49000000.0,3415000000.0,,759000000.0,,-633000000.0,,,-48000000.0,-100000000.0,7000000.0,246000000.0,,780000000.0,1381000000.0,,,,,,18000000.0,2773000000.0,,,4871000000.0,1317000000.0,,,7000000.0,,,188000000.0,,,520000000.0,,-24000000.0,,,,-2897000000.0,,-1592000000.0,4301000000.0,389000000.0,148000000.0,,780000000.0,263000000.0,-304000000.0,-5070000000.0,-5070000000.0,,669000000.0,2844000000.0,2844000000.0,7913000000.0,668000000.0,,187000000.0,,,,8536000000.0,534000000.0,-16000000.0,3000000.0,2128000000.0,-1365000000.0,,,250000000.0,1147000000.0,252000000.0,-106000000.0,-661000000.0,-25000000.0,,686000000.0,2607000000.0,1407000000.0,105000000.0,,,,101000000.0,,,,,,,,0.0,-23000000.0,-11000000.0,-29000000.0,16000000.0,,-307000000.0,116000000.0,,,,,,,,,,,,
ABBN.SW,2022-12-31,26.2,525000000.0,-3553000000.0,-2703000000.0,3849000000.0,-762000000.0,4174000000.0,4489000000.0,-189000000.0,-126000000.0,-2394000000.0,-166000000.0,,-1698000000.0,-1698000000.0,-2943000000.0,-3553000000.0,2512000000.0,1146000000.0,-2703000000.0,3849000000.0,981000000.0,283000000.0,-487000000.0,1027000000.0,1315000000.0,-288000000.0,,,-635000000.0,-762000000.0,1287000000.0,,,-1698000000.0,369000000.0,,-1602000000.0,66000000.0,814000000.0,282000000.0,532000000.0,,-84000000.0,2594000000.0,99741744.0,1865003331.0,1964745075.0,3522000000.0,8549000000.0,860000000.0,20455000000.0,3041000000.0,860000000.0,871000000.0,12777000000.0,17920000000.0,13272000000.0,495000000.0,12777000000.0,,3061000000.0,20082000000.0,171000000.0,171000000.0,25876000000.0,9347000000.0,1287000000.0,729000000.0,5794000000.0,651000000.0,5143000000.0,67000000.0,16529000000.0,262000000.0,2755000000.0,220000000.0,2535000000.0,1490000000.0,2199000000.0,6299000000.0,719000000.0,676000000.0,4904000000.0,39148000000.0,19578000000.0,,1396000000.0,,,,130000000.0,,11917000000.0,1406000000.0,10511000000.0,4752000000.0,-5792000000.0,10544000000.0,586000000.0,841000000.0,5495000000.0,,,3622000000.0,19570000000.0,230000000.0,6028000000.0,,2036000000.0,1334000000.0,,6478000000.0,,,4881000000.0,4156000000.0,-94329000.0,0.223,4761000000.0,-423000000.0,-423000000.0,2518000000.0,814000000.0,19736000000.0,4338000000.0,3524000000.0,-58000000.0,130000000.0,72000000.0,2846671000.0,2475000000.0,26034000000.0,1910000000.0,1899000000.0,1.3,1.3,2475000000.0,2475000000.0,0.0,2475000000.0,-119000000.0,2594000000.0,2637000000.0,757000000.0,3394000000.0,-475000000.0,193000000.0,227000000.0,-58000000.0,,130000000.0,72000000.0,3412000000.0,6298000000.0,-278000000.0,,,,5132000000.0,1884000000.0,9710000000.0,19736000000.0,29446000000.0,29446000000.0,610000000.0,610000000.0,,,,127000000.0,-344000000.0,-55000000.0,384000000.0,719000000.0,467000000.0,,1189000000.0,725000000.0,,565000000.0,,55000000.0,3248000000.0,,770000000.0,,-811000000.0,,,-125000000.0,17000000.0,141000000.0,367000000.0,92000000.0,916000000.0,1396000000.0,,,,,,18000000.0,2803000000.0,,,3337000000.0,1166000000.0,,,-14000000.0,,,276000000.0,,,601000000.0,96000000.0,-43000000.0,,,,-2394000000.0,,1207000000.0,1334000000.0,216000000.0,531000000.0,0.0,814000000.0,282000000.0,-123000000.0,-4556000000.0,-4556000000.0,,729000000.0,2216000000.0,2216000000.0,7486000000.0,391000000.0,,130000000.0,,,,7812000000.0,40000000.0,-102000000.0,52000000.0,1884000000.0,1366000000.0,,,90000000.0,1188000000.0,137000000.0,395000000.0,-831000000.0,-344000000.0,,719000000.0,2535000000.0,1225000000.0,38000000.0,,,,36000000.0,,,,,,,,0.0,-226000000.0,-47000000.0,-33000000.0,102000000.0,20000000.0,-308000000.0,84000000.0,,,,,,,,,,,,
ABBN.SW,2021-12-31,30.42,2510000000.0,-3708000000.0,-1538000000.0,1400000000.0,-820000000.0,4489000000.0,3901000000.0,-81000000.0,669000000.0,-4968000000.0,-41000000.0,,-1726000000.0,-1726000000.0,-2882000000.0,-3708000000.0,-221000000.0,-138000000.0,-1538000000.0,1400000000.0,2307000000.0,704000000.0,-1649000000.0,2717000000.0,2958000000.0,-241000000.0,,,-727000000.0,-820000000.0,3330000000.0,,,308000000.0,659000000.0,,-771000000.0,117000000.0,893000000.0,318000000.0,575000000.0,,-38000000.0,4730000000.0,94803864.0,1958344400.0,2053148264.0,1402000000.0,6480000000.0,3536000000.0,21140000000.0,3127000000.0,3536000000.0,919000000.0,15579000000.0,19756000000.0,15957000000.0,378000000.0,15579000000.0,,3010000000.0,22477000000.0,178000000.0,178000000.0,24303000000.0,8735000000.0,1458000000.0,685000000.0,4866000000.0,689000000.0,4177000000.0,168000000.0,15568000000.0,113000000.0,1614000000.0,230000000.0,1384000000.0,1588000000.0,2391000000.0,6269000000.0,672000000.0,676000000.0,4921000000.0,40260000000.0,21565000000.0,,1177000000.0,,,,1670000000.0,,12043000000.0,1561000000.0,10482000000.0,4940000000.0,-6187000000.0,11127000000.0,522000000.0,895000000.0,5785000000.0,,,3925000000.0,18695000000.0,206000000.0,4880000000.0,,1594000000.0,1335000000.0,,6206000000.0,,,5329000000.0,4159000000.0,413214000.0,0.183,4570000000.0,2258000000.0,2258000000.0,4626000000.0,893000000.0,19478000000.0,6828000000.0,5935000000.0,-97000000.0,148000000.0,51000000.0,2781214000.0,4546000000.0,25859000000.0,2019000000.0,2001000000.0,2.25,2.27,4546000000.0,4546000000.0,0.0,4546000000.0,-104000000.0,4650000000.0,4730000000.0,1057000000.0,5787000000.0,2150000000.0,-2231000000.0,48000000.0,-97000000.0,,148000000.0,51000000.0,3086000000.0,6381000000.0,-262000000.0,,,,5162000000.0,1881000000.0,9467000000.0,19478000000.0,28945000000.0,28945000000.0,826000000.0,826000000.0,,,,93000000.0,-289000000.0,-74000000.0,227000000.0,1084000000.0,543000000.0,,995000000.0,1170000000.0,,640000000.0,,33000000.0,3281000000.0,,2353000000.0,,-142000000.0,,,-216000000.0,-2193000000.0,22000000.0,130000000.0,74000000.0,892000000.0,1177000000.0,,,,,,30000000.0,2291000000.0,,,5718000000.0,1219000000.0,,,-368000000.0,,,156000000.0,,,573000000.0,136000000.0,-80000000.0,,,,-4968000000.0,,2671000000.0,3338000000.0,108000000.0,1113000000.0,0.0,893000000.0,318000000.0,-2298000000.0,-4088000000.0,-4088000000.0,,759000000.0,1989000000.0,1989000000.0,7359000000.0,378000000.0,,1670000000.0,,,,7541000000.0,2798000000.0,-100000000.0,108000000.0,1881000000.0,-83000000.0,-83000000.0,,132000000.0,1292000000.0,454000000.0,659000000.0,-142000000.0,-289000000.0,,1084000000.0,1384000000.0,1118000000.0,28000000.0,,,,2193000000.0,,,,,,,,0.0,-364000000.0,-8000000.0,-123000000.0,100000000.0,43000000.0,-339000000.0,38000000.0,,,,,,,,,,,,
ABBN.SW,2020-12-31,20.32,,,,,,,,,,,,,,,,,,,,,,,,,,,,,,,,,,,,,,,,,,,,,,,,,,,,,,,,,,,,,,,,,,,,,,,,,,,,,,,,,,,,,,,,,,,,,,,,,,,,,,,,,,,,,,,,,,,,,,,,,,,,,,,,,,,,,,,,,,,,,,,,,,,,,,,,,,,-151000000.0,,,,,,,,,,,,,,,,,,,,,,,,,,,,,,,,,44000000.0,,,,,,138000000.0,,843000000.0,,,,,,,,,,,,,,,-694000000.0,,,,,,282000000.0,,,,,-8206000000.0,,-2272000000.0,1875000000.0,361000000.0,-105000000.0,311000000.0,915000000.0,,241000000.0,-4002000000.0,-4002000000.0,,799000000.0,2033000000.0,2033000000.0,6870000000.0,395000000.0,,1784000000.0,,,,7805000000.0,-826000000.0,-66000000.0,73000000.0,1808000000.0,,-587000000.0,,189000000.0,905000000.0,,-13000000.0,-100000000.0,-280000000.0,,1301000000.0,1293000000.0,996000000.0,29000000.0,,,,-2000000.0,,,,,,,,31000000.0,9032000000.0,-182000000.0,-99000000.0,66000000.0,197000000.0,-357000000.0,37000000.0,,,,,,,,,,,,
TER,2024-12-31,125.79,474081000.0,-198574000.0,-185000000.0,185000000.0,-198095000.0,553354000.0,757571000.0,-2284000.0,-201933000.0,-251767000.0,,,-76423000.0,-76423000.0,-198574000.0,-198574000.0,0.0,0.0,-185000000.0,185000000.0,-622342000.0,16592000.0,-45796000.0,-441712000.0,90348000.0,-532060000.0,,,-198095000.0,-198095000.0,672176000.0,,,29690000.0,-54386000.0,119454000.0,8707000.0,-8104000.0,119741000.0,18764000.0,100977000.0,,,542372000.0,,161722000.0,161722000.0,,76621000.0,2408000000.0,2819294000.0,1191818000.0,2408000000.0,76621000.0,2819294000.0,2819294000.0,2819294000.0,,2819294000.0,,,970761000.0,20215000.0,20215000.0,889420000.0,264841000.0,24596000.0,1038000.0,57922000.0,57922000.0,,,624579000.0,,18699000.0,18699000.0,,204991000.0,,202402000.0,,67610000.0,134792000.0,3708714000.0,1892317000.0,,222438000.0,,124121000.0,124121000.0,494494000.0,,411294000.0,15927000.0,395367000.0,578356000.0,-953890000.0,1532246000.0,5678000.0,70185000.0,1186216000.0,183371000.0,19409000.0,0.0,1816397000.0,429086000.0,298492000.0,,30613000.0,,,471426000.0,-2111000.0,473537000.0,599666000.0,553354000.0,4071704.0,0.098,690866000.0,41548000.0,41548000.0,542372000.0,119741000.0,1069976000.0,732414000.0,612673000.0,21185000.0,3587000.0,24772000.0,504895704.0,542372000.0,2267640000.0,163314000.0,159083000.0,3.32,3.41,542372000.0,542372000.0,,542372000.0,,542372000.0,542372000.0,59503000.0,609086000.0,41548000.0,,15571000.0,21185000.0,,3587000.0,24772000.0,552240000.0,1096687000.0,,18764000.0,18764000.0,,617047000.0,,1648927000.0,1170953000.0,2819880000.0,2819880000.0,,,,,,,-46360000.0,10056000.0,,133338000.0,49620000.0,,41964000.0,46312000.0,,-5887000.0,,,,,62388000.0,,-52659000.0,60122000.0,18922000.0,-4355000.0,-57119000.0,1909538000.0,,40505000.0,11994000.0,222438000.0,,,,,,,225915000.0,292178000.0,261176000.0,593788000.0,460876000.0,,,873000.0,,,,,,17727000.0,0.0,,,,7442000.0,-251767000.0,23230000.0,-622342000.0,672176000.0,8574000.0,-54386000.0,,119741000.0,18764000.0,-44207000.0,-81220000.0,-81220000.0,,41543000.0,107710000.0,107710000.0,293179000.0,67610000.0,,618615000.0,,67387000.0,,471426000.0,35661000.0,,,,,,,767000.0,121428000.0,,-54386000.0,-52659000.0,-46360000.0,,133338000.0,,90777000.0,,,,,57119000.0,,,,,,,,,,,,7211000.0,0.0,,,,-7211000.0,18764000.0,18764000.0,,,,,,,,
TER,2023-12-31,107.96,425589000.0,-397241000.0,-50264000.0,0.0,-159642000.0,757571000.0,854773000.0,-876000.0,-96326000.0,-501912000.0,,,-67878000.0,-67878000.0,-397241000.0,-397241000.0,-50264000.0,-50264000.0,-50264000.0,0.0,-179645000.0,-15463000.0,-161906000.0,0.0,0.0,0.0,,,-159642000.0,-159642000.0,585231000.0,,,-4146000.0,46782000.0,-43101000.0,5327000.0,-6447000.0,110886000.0,18768000.0,92118000.0,,,448752000.0,,152698000.0,152698000.0,,82614000.0,2074841000.0,2525897000.0,1502084000.0,2074841000.0,82614000.0,2525897000.0,2525897000.0,2525897000.0,,2525897000.0,,,706514000.0,19087000.0,19087000.0,960927000.0,300976000.0,44331000.0,183000.0,65092000.0,65092000.0,,,659951000.0,7379000.0,17522000.0,17522000.0,,191750000.0,,228784000.0,,48653000.0,180131000.0,3486824000.0,1324789000.0,,175775000.0,,117434000.0,117434000.0,0.0,,451056000.0,35404000.0,415652000.0,518909000.0,-898604000.0,1417513000.0,54799000.0,73417000.0,1075328000.0,127705000.0,19487000.0,0.0,2162035000.0,548970000.0,309974000.0,,24701000.0,,,422124000.0,-1988000.0,424112000.0,819725000.0,757571000.0,-3106442.0,0.146,661541000.0,-21277000.0,-21277000.0,448752000.0,110886000.0,1047663000.0,640264000.0,529378000.0,23542000.0,3806000.0,27348000.0,466922558.0,448752000.0,2153953000.0,164304000.0,154310000.0,2.73,2.91,448752000.0,448752000.0,,448752000.0,,448752000.0,448752000.0,76820000.0,525572000.0,-21277000.0,,21277000.0,23542000.0,,3806000.0,27348000.0,522345000.0,1014403000.0,,18999000.0,18999000.0,,577315000.0,,1536748000.0,1139550000.0,2676298000.0,2676298000.0,,,,,,,-37642000.0,-14915000.0,,132090000.0,50111000.0,,26851000.0,62154000.0,,962000.0,,,,,146443000.0,,70977000.0,57682000.0,28358000.0,2703000.0,0.0,1827274000.0,,37282000.0,11504000.0,175775000.0,,,,,,,258422000.0,459415000.0,298156000.0,501068000.0,418089000.0,,,-4540000.0,,,,,,37992000.0,23250000.0,,,,19998000.0,-501912000.0,13471000.0,-179645000.0,585231000.0,-84131000.0,46782000.0,,110886000.0,18768000.0,-12212000.0,-26978000.0,-26978000.0,,37465000.0,99804000.0,99804000.0,343496000.0,48653000.0,,117434000.0,,66777000.0,,422124000.0,-20315000.0,,,,,,,296000.0,140239000.0,,46782000.0,70977000.0,-37642000.0,,132090000.0,,114712000.0,,,,,0.0,,,,,,,,,,,,0.0,2000000.0,,,,0.0,18999000.0,18999000.0,,,,,,,,
TER,2022-12-31,86.52,414674000.0,-752082000.0,-66759000.0,0.0,-163249000.0,854773000.0,1122199000.0,3889000.0,-271315000.0,-892989000.0,,,-69711000.0,-69711000.0,-752082000.0,-752082000.0,-66759000.0,-66759000.0,-66759000.0,0.0,43751000.0,203590000.0,-287409000.0,0.0,0.0,0.0,,,-163249000.0,-163249000.0,577923000.0,,,-267468000.0,-60507000.0,-140713000.0,-80809000.0,-2763000.0,110675000.0,19912000.0,90763000.0,,,715501000.0,,155759000.0,155759000.0,,132885000.0,1994621000.0,2501409000.0,1511652000.0,1994621000.0,82770000.0,2451294000.0,2451294000.0,2451294000.0,,2451294000.0,,,725729000.0,19470000.0,19470000.0,1049958000.0,303695000.0,59135000.0,3267000.0,64176000.0,64176000.0,,,746263000.0,,68709000.0,18594000.0,50115000.0,212266000.0,,204732000.0,,65010000.0,139722000.0,3501252000.0,1243337000.0,,142784000.0,,110777000.0,110777000.0,,,456673000.0,53478000.0,403195000.0,492417000.0,-905699000.0,1398116000.0,22470000.0,73734000.0,1089809000.0,128991000.0,18481000.0,0.0,2257915000.0,532962000.0,325019000.0,,30972000.0,,,491145000.0,-1955000.0,493100000.0,894385000.0,854773000.0,-2560565.0,0.149,971964000.0,-17185000.0,-17185000.0,715501000.0,110675000.0,1196552000.0,954779000.0,844104000.0,2660000.0,3719000.0,6379000.0,730125435.0,715501000.0,2305921000.0,169734000.0,158434000.0,4.22,4.52,715501000.0,715501000.0,,715501000.0,,715501000.0,715501000.0,124884000.0,840385000.0,-17185000.0,14700000.0,17185000.0,2660000.0,,3719000.0,6379000.0,849124000.0,1018027000.0,,19333000.0,19333000.0,,558103000.0,,1867151000.0,1287894000.0,3155045000.0,3155045000.0,,,,,,,-38693000.0,9985000.0,,116005000.0,28925000.0,,37982000.0,39612000.0,,5786000.0,,,,,490999000.0,,50628000.0,48228000.0,31452000.0,-25584000.0,0.0,1755963000.0,,45131000.0,11761000.0,142784000.0,,,,,,,256065000.0,222356000.0,632417000.0,831939000.0,440591000.0,,,3410000.0,,,,,,14404000.0,0.0,,,,15981000.0,-892989000.0,-4437000.0,43751000.0,577923000.0,-36067000.0,-60507000.0,,110675000.0,19912000.0,-19009000.0,-49868000.0,-49868000.0,-39849000.0,48398000.0,148285000.0,148285000.0,317003000.0,65010000.0,,110777000.0,,64631000.0,,491145000.0,-11399000.0,,,,,,,1498000.0,193246000.0,,-60507000.0,50628000.0,-38693000.0,,116005000.0,50115000.0,112271000.0,,,,,0.0,,,,,,,,,,,,0.0,0.0,,3400000.0,1159000.0,0.0,19333000.0,19333000.0,,,,,,,,
TER,2021-12-31,161.27,965894000.0,-600000000.0,-342990000.0,,-132472000.0,1122199000.0,914121000.0,-2065000.0,210143000.0,-1008584000.0,,,-65977000.0,-65977000.0,-600000000.0,-600000000.0,-342990000.0,-342990000.0,-342990000.0,,120361000.0,252833000.0,-673781000.0,,,,,,-132472000.0,-132472000.0,1098366000.0,,,-93361000.0,129499000.0,-175846000.0,6495000.0,16467000.0,125485000.0,34412000.0,91073000.0,,,1014589000.0,,162251000.0,162251000.0,,184581000.0,2062297000.0,2672382000.0,1771107000.0,2062297000.0,76155000.0,2563956000.0,2653200000.0,2563956000.0,,2563956000.0,1512000.0,,736566000.0,20281000.0,20281000.0,1245469000.0,440349000.0,67041000.0,6327000.0,145422000.0,56178000.0,89244000.0,,805120000.0,,39159000.0,19977000.0,19182000.0,253667000.0,,241922000.0,,88789000.0,153133000.0,3809425000.0,1233198000.0,,102428000.0,,133858000.0,133858000.0,,,501659000.0,75635000.0,426024000.0,456047000.0,-852221000.0,1308268000.0,8105000.0,68807000.0,1023571000.0,126468000.0,17207000.0,0.0,2576227000.0,406266000.0,243330000.0,,49949000.0,,,550749000.0,-2012000.0,552761000.0,1366430000.0,1122199000.0,-1173312.0,0.126,1313572000.0,-9312000.0,-9312000.0,1014589000.0,125485000.0,1392196000.0,1304260000.0,1178775000.0,-15193000.0,17820000.0,2627000.0,1022727688.0,1014589000.0,2492849000.0,183625000.0,164960000.0,5.56,6.19,1014589000.0,1014589000.0,,1014589000.0,,1014589000.0,1014589000.0,146366000.0,1160955000.0,-9312000.0,12000000.0,9312000.0,-15193000.0,,17820000.0,2627000.0,1210032000.0,996624000.0,,21456000.0,21456000.0,,547559000.0,,2206656000.0,1496225000.0,3702881000.0,3702881000.0,,,,,,,-17305000.0,-6410000.0,,151141000.0,24096000.0,,37740000.0,244231000.0,,-24572000.0,,,,,926614000.0,,-57778000.0,45643000.0,15475000.0,-2217000.0,,1811545000.0,,54921000.0,15110000.0,102428000.0,,,,,,,155641000.0,,,1200720000.0,427609000.0,,,,,,,,,9452000.0,,,,,15497000.0,-1008584000.0,383000.0,120361000.0,1098366000.0,4269000.0,129499000.0,0.0,125485000.0,34412000.0,-8627000.0,-5948000.0,3704000.0,-10818000.0,61248000.0,146185000.0,146185000.0,366109000.0,88789000.0,,133858000.0,,64110000.0,,550749000.0,-33884000.0,,,,,,,4236000.0,172134000.0,,129499000.0,-57778000.0,-17305000.0,,151141000.0,19182000.0,124187000.0,,,,,,,,,,,,,,,,,,,,,1166000.0,,21456000.0,21456000.0,,,,,,,,
TER,2020-12-31,117.88,,,,,,,,,,,-8852000.0,,,,,,,,,,,,,,,,,,,,,,,,,,,,,,,,,,,,,,,,,,,,,,,,,3787000.0,,,,,,,,,,,376768000.0,,,,,,33343000.0,,,,,,,,,,,,,,,,,,,,,,,,,,,,,,,,,,,,,,,,,,,,,,,,,,,,,,,,,,,,,,,,,,,,,,4000000.0,,,,,,,,,,,,,,,,,,,,,,,,,,7227000.0,,,,,,,,,,,,,,,,,,,,,,,,,,,,,,,,,,,,,546000.0,,,,,,,,,,,,,,,,,,0.0,,,,,,,,,,,,,,,,,,,,,,,,,,,,,,,,,33343000.0,,,25169000.0,25169000.0,,,,,,,,,,,,,,,,,,,,,,,,,,,,,
PARKEN.CO,2024-12-31,127.5,-322373000.0,,-1028559000.0,1005232000.0,-299171000.0,120610000.0,135179000.0,,-14567000.0,-68336000.0,5000000.0,,-97695000.0,-97695000.0,,,28667000.0,-23327000.0,-1028559000.0,1005232000.0,76971000.0,,,,,,161743000.0,-214399000.0,-84772000.0,-84772000.0,-23202000.0,-90967000.0,42207000.0,-133192000.0,-63067000.0,,-84305000.0,-197769000.0,85615000.0,547000.0,85068000.0,,,229937000.0,,9769511.0,9769511.0,1163468000.0,1295108000.0,958835000.0,2629489000.0,45228000.0,958835000.0,11030000.0,1345411000.0,2516147000.0,1402485000.0,57074000.0,1345411000.0,,,,197504000.0,197504000.0,2107683000.0,1565529000.0,,287239000.0,1177399000.0,6663000.0,1170736000.0,8498000.0,542154000.0,,117709000.0,4367000.0,113342000.0,17056000.0,13041000.0,189882000.0,86051000.0,9277000.0,94554000.0,3510168000.0,2922786000.0,,,,13000.0,13000.0,,,386576000.0,307405000.0,79171000.0,1813351000.0,-897388000.0,2710739000.0,28472000.0,308991000.0,635196000.0,,1738080000.0,0.0,587382000.0,,183636000.0,,183636000.0,19422000.0,10198000.0,253516000.0,,,120610000.0,120610000.0,2766313.725872,0.254304,546260000.0,10878000.0,10878000.0,229993000.0,85615000.0,327788000.0,557138000.0,362091000.0,11540000.0,53739000.0,5140000.0,221881313.725872,229993000.0,1405966000.0,,,,,229993000.0,229993000.0,0.0,229993000.0,56000.0,229937000.0,229937000.0,78415000.0,308352000.0,-7128000.0,,,11540000.0,-60139000.0,53739000.0,5140000.0,18995000.0,1078178000.0,182347000.0,195047000.0,113788000.0,81259000.0,108046000.0,69562000.0,1097173000.0,327788000.0,1424961000.0,1424961000.0,,,,,376142000.0,0.0,78415000.0,20100000.0,70403000.0,19040000.0,3000.0,,,,,287738000.0,,7128000.0,38484000.0,,,-53739000.0,14181000.0,,,,,,,2950000.0,,,,,,,,,,,,,,-2000.0,,,,,,,554119000.0,,,,,5456000.0,,,,,,,,,,,,,,,,,,,,,,,,,,,,,,51994000.0,,,,,,,,,,,,,,,,,,,,,,,,,,,,,,,,,,,,,,,,,,,,
PARKEN.CO,2023-12-31,123.41,127172000.0,,-56572000.0,6199000.0,-271099000.0,135179000.0,28530000.0,,106649000.0,-165636000.0,,,-97695000.0,-97695000.0,,,-63488000.0,-50373000.0,-56572000.0,6199000.0,-125986000.0,,,,,,-29358000.0,-173398000.0,-96628000.0,-97701000.0,398271000.0,-59647000.0,5778000.0,-54726000.0,49539000.0,,-12211000.0,-25800000.0,82925000.0,1072000.0,81853000.0,,,335029000.0,105689.0,9769511.0,9875200.0,1173840000.0,1320457000.0,869832000.0,2532219000.0,47969000.0,869832000.0,11438000.0,1223200000.0,2439860000.0,1276788000.0,53588000.0,1223200000.0,98752000.0,,,197504000.0,197504000.0,2150886000.0,1575348000.0,,265549000.0,1224663000.0,8003000.0,1216660000.0,13845000.0,575538000.0,,95794000.0,3435000.0,92359000.0,9761000.0,12764000.0,227570000.0,59807000.0,88320000.0,79443000.0,3427674000.0,2804167000.0,,,,13000.0,13000.0,,,353368000.0,273024000.0,80344000.0,1809720000.0,-835670000.0,2645390000.0,18495000.0,299451000.0,618300000.0,,1709144000.0,0.0,623507000.0,,99332000.0,,99332000.0,153037000.0,8224000.0,227735000.0,,,135179000.0,135179000.0,-626511.930173,0.221853,688146000.0,-2824000.0,-2824000.0,334150000.0,82925000.0,345700000.0,685322000.0,483739000.0,-47414000.0,53192000.0,5778000.0,336347488.069827,334150000.0,1349096000.0,9769511.0,9769511.0,34.2,34.2,334150000.0,334150000.0,0.0,334150000.0,-879000.0,335029000.0,335029000.0,95518000.0,430547000.0,-2824000.0,,,-47414000.0,,53192000.0,5778000.0,346468000.0,1003396000.0,113134000.0,201583000.0,106637000.0,94946000.0,105532000.0,69577000.0,1349864000.0,345700000.0,1695564000.0,1695564000.0,,,,,144040000.0,1073000.0,95518000.0,37719000.0,47395000.0,23896000.0,,,,,,172036000.0,,2824000.0,35955000.0,,,-31618000.0,-92054000.0,,,,,,,0.0,,,,,,,,,,,,,,,,,,,,,574219000.0,,,,,5456000.0,,,,,,,,,,,,,,,,,,,,,,,,,,,,,,-13115000.0,,,,,,,,,,,,,,,,,,,,,,,,,,,,,,,,,,,,,,,,,,,,
PARKEN.CO,2022-12-31,60.95,-200734000.0,,-58511000.0,246940000.0,-370892000.0,28530000.0,23034000.0,,5496000.0,17917000.0,,,,0.0,,,20854000.0,188429000.0,-58511000.0,246940000.0,-182579000.0,,,0.0,,0.0,14299000.0,-172998000.0,-196878000.0,-197894000.0,170158000.0,-56387000.0,3025000.0,-92953000.0,-45527000.0,,-19301000.0,5479000.0,68832000.0,1375000.0,67457000.0,,,190908000.0,105689.0,9769511.0,9875200.0,1364003000.0,1399367000.0,663375000.0,2380706000.0,-160270000.0,663375000.0,6834000.0,988173000.0,2279160000.0,1036995000.0,48822000.0,988173000.0,98752000.0,,,197504000.0,197504000.0,2140392000.0,1636690000.0,,269233000.0,1295400000.0,4413000.0,1290987000.0,4676000.0,503702000.0,,103967000.0,2421000.0,101546000.0,8079000.0,5190000.0,156632000.0,58847000.0,36111000.0,61674000.0,3177387000.0,2833955000.0,,,,13000.0,13000.0,0.0,,324798000.0,244454000.0,80344000.0,1790807000.0,-774673000.0,2565480000.0,54999000.0,256780000.0,618300000.0,,1635401000.0,0.0,343432000.0,,87121000.0,,87121000.0,79102000.0,21911000.0,126768000.0,,,28530000.0,28530000.0,-7219884.0,0.276,476900000.0,-26159000.0,-26159000.0,192228000.0,68832000.0,278270000.0,450741000.0,312371000.0,-45619000.0,48644000.0,3025000.0,211167116.0,192228000.0,1124604000.0,9769511.0,9769511.0,19.68,19.68,192228000.0,192228000.0,0.0,192228000.0,1320000.0,190908000.0,190908000.0,72819000.0,263727000.0,-26649000.0,,,-45619000.0,,48644000.0,3025000.0,189328000.0,846334000.0,107438000.0,138370000.0,106313000.0,32057000.0,88557000.0,48527000.0,1035662000.0,278270000.0,1313932000.0,1313932000.0,,,,,187297000.0,1016000.0,72819000.0,21500000.0,43695000.0,23686000.0,,,,,,167677000.0,0.0,26649000.0,40030000.0,,,-24188000.0,-28125000.0,,,,,,,,,,,,0.0,,,,,,,,,,,,,,,,617234000.0,,,,,5456000.0,25776000.0,,,,,,,,,,,,,,,,,,,,,,,,,,,,,-167575000.0,,,,,,,,,,,,,,,,,,,,,,,,,,,,,,,,,,,,,,,,,,,,
PARKEN.CO,2021-12-31,65.3,84724000.0,,-669507000.0,791587000.0,-296299000.0,23034000.0,84470000.0,,-61436000.0,-260358000.0,-141167000.0,,,,,,-116397000.0,122080000.0,-669507000.0,791587000.0,-182101000.0,,,-5608000.0,,-5608000.0,31224000.0,-88170000.0,-207717000.0,-208129000.0,381023000.0,0.0,1282000.0,201917000.0,14124000.0,,177725000.0,-24727000.0,60025000.0,1391000.0,58634000.0,,,67212000.0,105689.0,9769511.0,9875200.0,1382318000.0,1410830000.0,466375000.0,2113166000.0,-305248000.0,466375000.0,5478000.0,707814000.0,1905584000.0,750051000.0,42237000.0,707814000.0,,,,197504000.0,197504000.0,2034649000.0,1466174000.0,,211071000.0,1201105000.0,3335000.0,1197770000.0,2272000.0,568475000.0,,209725000.0,2143000.0,207582000.0,8230000.0,8648000.0,191229000.0,67862000.0,74630000.0,48737000.0,2784700000.0,2521473000.0,,,,13000.0,13000.0,0.0,,241439000.0,161095000.0,80344000.0,1596329000.0,-780503000.0,2376832000.0,348785000.0,242942000.0,623428000.0,,1161677000.0,0.0,263227000.0,,67820000.0,,67820000.0,44520000.0,1456000.0,126397000.0,,,23034000.0,23034000.0,-8987395.0,0.365,305578000.0,-24623000.0,-24623000.0,51625000.0,60025000.0,596917000.0,280955000.0,161355000.0,-54159000.0,55441000.0,1282000.0,67260605.0,51625000.0,1135781000.0,9769511.0,9769511.0,5.28,5.28,51625000.0,51625000.0,0.0,51625000.0,-15587000.0,67212000.0,67212000.0,38702000.0,105914000.0,-24638000.0,,,-54159000.0,,55441000.0,1282000.0,47311000.0,538864000.0,72165000.0,119600000.0,60966000.0,58634000.0,62778000.0,35237000.0,586175000.0,596917000.0,1183092000.0,1183092000.0,,,,,119394000.0,412000.0,38702000.0,-37700000.0,38601000.0,,,,,,,101049000.0,4959000.0,19679000.0,27541000.0,,,-21160000.0,10068000.0,,,,,,0.0,0.0,,,,,0.0,,,,,,,,,,,,,,,,667100000.0,,,,,5456000.0,13125000.0,,,,,,,,,,,,,,,,,,,,,,,,,,,,,-238477000.0,,,,,,,,,,,,,,,,,,,,,,,,,,,,,,,,,,,,,,,,,,,,
PARKEN.CO,2020-12-31,59.44,,,,,,,,,,,22500000.0,,,0.0,,,,,,,,,,-20062000.0,0.0,-20062000.0,,,,,,,,,,,,,,,,,,,105689.0,,,,,,,,,,,,,,,,,,,,,,,,,,,,,,,,,,,,,,,,,,,,,,0.0,,,,,,,,,,,,,,,,,,,,,,,,,,,,,,,,,,,,,,,,,,9769511.0,9769511.0,-23.5,-23.5,,,,,,,,,,,5041000.0,,,,,,,,,,,,,,,,,,,,,,,,,,,,,,,,,,0.0,,,,,,,,,,,,144776000.0,0.0,,,,,0.0,,,,,,,,,,,,,,,,,,,0.0,,,6483000.0,,,,,,,,,,,,,,,,,,,,,,,,,,,,,,,,,,,,,,,,,,,,,,,,,,,,,,,,,,,,,,,,,,,,,,,,,
NFLX,2024-12-31,891.32,6921826000.0,-6263746000.0,-400000000.0,1794460000.0,-439538000.0,7807337000.0,7118515000.0,-416331000.0,1105153000.0,-4074427000.0,-38028000.0,,,,-5430859000.0,-6263746000.0,1394460000.0,1394460000.0,-400000000.0,1794460000.0,-2181784000.0,-1742246000.0,-1742246000.0,0.0,,0.0,,,-439538000.0,-439538000.0,7361364000.0,,,-33075000.0,121353000.0,,,-16507974000.0,15630431000.0,15301517000.0,328914000.0,-121539000.0,,8711631000.0,24784254.0,427757100.0,452541354.0,7778071000.0,15582804000.0,-7708895000.0,40326371000.0,2344979000.0,-7708895000.0,,24743567000.0,38541918000.0,24743567000.0,,24743567000.0,,13171638000.0,31300917000.0,6252126000.0,6252126000.0,28886807000.0,18131407000.0,,,13798351000.0,,13798351000.0,,10755400000.0,4393681000.0,1784453000.0,,1784453000.0,,,899909000.0,,,899909000.0,53630374000.0,40529995000.0,,,,,,,,32452462000.0,32452462000.0,,1593756000.0,-917537000.0,2511293000.0,228300000.0,,695716000.0,475684000.0,85000000.0,0.0,13100379000.0,431924000.0,,,,,653000000.0,1335304000.0,,,9583739000.0,7804733000.0,0.0,0.13,26314821000.0,,,8711631000.0,15630431000.0,21038464000.0,26314821000.0,10684390000.0,-451957000.0,718733000.0,266776000.0,8711631000.0,8711631000.0,28583352000.0,439261000.0,429519000.0,19.83,20.28,8711631000.0,8711631000.0,,8711631000.0,,8711631000.0,8711631000.0,1254026000.0,9965657000.0,,,,-451957000.0,,718733000.0,266776000.0,10417614000.0,7544888000.0,,,,,4619593000.0,1702039000.0,17962502000.0,21038464000.0,39000966000.0,39000966000.0,832887000.0,832887000.0,,,,,-590698000.0,,4333056000.0,,6483777000.0,,,1779006000.0,,,,,2917554000.0,,0.0,,,272588000.0,,,,,,,,,,,,,,,,2940526000.0,4864207000.0,10417614000.0,2925295000.0,,,,,,22180000.0,,,1096412000.0,,,,,,-4074427000.0,,-2181784000.0,7361364000.0,-368507000.0,313252000.0,,15630431000.0,15301517000.0,-121539000.0,362162000.0,362162000.0,,,1520813000.0,1520813000.0,3056453000.0,,,,,1026593000.0,,1988304000.0,,,,1702039000.0,,,,674502000.0,1641530000.0,191899000.0,121353000.0,,-590698000.0,0.0,,,2156544000.0,,,,,,,,,,,,,,,,,,,,,,,,,,,,,,,,
NFLX,2023-12-31,486.88,6925749000.0,-6045347000.0,0.0,0.0,-348552000.0,7118515000.0,5170582000.0,82684000.0,1865249000.0,-5950803000.0,-75446000.0,,,,-5875357000.0,-6045347000.0,0.0,0.0,0.0,0.0,541751000.0,890303000.0,-504862000.0,0.0,,0.0,,,-348552000.0,-348552000.0,7274301000.0,,,-116148000.0,93502000.0,,,-12628230000.0,14554384000.0,14197437000.0,356947000.0,176296000.0,,5407990000.0,16078268.0,432759584.0,448837852.0,7426348000.0,14543261000.0,-11069743000.0,35131574000.0,1057478000.0,-11069743000.0,,20588313000.0,34731730000.0,20588313000.0,,20588313000.0,,6922200000.0,22589286000.0,5145172000.0,5145172000.0,28143679000.0,19283024000.0,,,14143417000.0,,14143417000.0,,8860655000.0,4466470000.0,399844000.0,,399844000.0,,,747412000.0,,,747412000.0,48731992000.0,38813859000.0,,,,,,,,31658056000.0,31658056000.0,,1491444000.0,-855043000.0,2346487000.0,406492000.0,,668338000.0,154165000.0,85000000.0,0.0,9918133000.0,408936000.0,,,,,555000000.0,1287054000.0,,,7137886000.0,7116913000.0,0.0,0.13,21508387000.0,,,5407990000.0,14554384000.0,19715368000.0,21508387000.0,6954003000.0,-748598000.0,748598000.0,,5407990000.0,5407990000.0,26769294000.0,449498000.0,441571000.0,12.03,12.25,5407990000.0,5407990000.0,,5407990000.0,,5407990000.0,5407990000.0,797415000.0,6205405000.0,,,,-748598000.0,,748598000.0,,6954003000.0,7053926000.0,,,,,4378168000.0,1720285000.0,14007929000.0,19715368000.0,33723297000.0,33723297000.0,169990000.0,169990000.0,,,,,-459359000.0,,5139607000.0,,5664359000.0,,,20973000.0,,,,,2657883000.0,,1395165000.0,,,339368000.0,,,,,,,,,,,,,,,,1130284000.0,5986629000.0,6954003000.0,2675758000.0,,,,,,-181003000.0,,,529257000.0,,,,,,-5950803000.0,,541751000.0,7274301000.0,-132212000.0,197067000.0,,14554384000.0,14197437000.0,176296000.0,-223945000.0,-223945000.0,,,1442969000.0,1442969000.0,2551372000.0,,,,,1032492000.0,,1842054000.0,,,,1720285000.0,,,,684504000.0,1154973000.0,103565000.0,93502000.0,,-459359000.0,0.0,,,1803960000.0,,,,,,,,,,,,,,,,,,,,,,,,,,,,,,,,
NFLX,2022-12-31,294.88,1618528000.0,0.0,-700000000.0,0.0,-407729000.0,5170582000.0,6055111000.0,-170140000.0,-714389000.0,-664254000.0,,,,,35746000.0,0.0,-700000000.0,-700000000.0,-700000000.0,0.0,-2076392000.0,-911276000.0,-911276000.0,-757387000.0,,-757387000.0,,,-407729000.0,-407729000.0,2026257000.0,,,-758087000.0,-158543000.0,,,-16126185000.0,14362814000.0,14026132000.0,336682000.0,-353111000.0,,4491924000.0,1564478.0,445346776.0,446911254.0,9205900000.0,14353076000.0,-11959312000.0,35130477000.0,1335499000.0,-11959312000.0,,20777401000.0,35130477000.0,20777401000.0,,20777401000.0,,824190000.0,17181296000.0,4637601000.0,4637601000.0,27817367000.0,19886393000.0,,,14353076000.0,,14353076000.0,,7930974000.0,4480150000.0,,,,,,671513000.0,,,671513000.0,48594768000.0,39328295000.0,,,,,,,,32736713000.0,32736713000.0,,1398257000.0,-753741000.0,2151998000.0,235555000.0,,738762000.0,52106000.0,85005000.0,0.0,9266473000.0,392735000.0,,,,,598000000.0,988898000.0,,,6058452000.0,5147176000.0,0.0,0.15,20332955000.0,,,4491924000.0,14362814000.0,19168285000.0,20332955000.0,5970141000.0,-368902000.0,706212000.0,337310000.0,4491924000.0,4491924000.0,25982719000.0,451290000.0,444698000.0,9.95,10.1,4491924000.0,4491924000.0,,4491924000.0,,4491924000.0,4491924000.0,772005000.0,5263929000.0,,,,-368902000.0,,706212000.0,337310000.0,5632831000.0,6814434000.0,,,,,4103393000.0,1572891000.0,12447265000.0,19168285000.0,31615550000.0,31615550000.0,35746000.0,35746000.0,,,,,-166550000.0,,5533317000.0,,5193325000.0,,,911276000.0,,,,,2530502000.0,,0.0,,,575452000.0,,,,,,,,,,,,,,,,1075592000.0,4071584000.0,5632831000.0,2711041000.0,,,,,,-353834000.0,,,1228388000.0,,,,,,-664254000.0,,-2076392000.0,2026257000.0,-190197000.0,-214056000.0,,14362814000.0,14026132000.0,-353111000.0,-217306000.0,-217306000.0,,,1264661000.0,1264661000.0,2186163000.0,,,,,1040570000.0,,1586898000.0,,,,1572891000.0,,,,701693000.0,811720000.0,-55513000.0,-158543000.0,,-166550000.0,0.0,,,1514650000.0,,,,,,,,,,,,,,,,,,,,,,,,,,,,,,,,
NFLX,2021-12-31,602.44,-131975000.0,-600022000.0,-500000000.0,0.0,-524585000.0,6055111000.0,8238870000.0,-86740000.0,-2097019000.0,-1149776000.0,-224168000.0,,,,-425608000.0,-600022000.0,-500000000.0,-500000000.0,-500000000.0,0.0,-1339853000.0,0.0,0.0,-788349000.0,,-788349000.0,,,-524585000.0,-524585000.0,392610000.0,,,-241977000.0,145115000.0,,,-17092527000.0,12438779000.0,12230367000.0,208412000.0,-430661000.0,,5116228000.0,1564478.0,443963107.0,445527585.0,9365091000.0,15392895000.0,-15070291000.0,31242143000.0,-419141000.0,-15070291000.0,,15849248000.0,30542320000.0,15849248000.0,,15849248000.0,,824190000.0,12689372000.0,4024561000.0,4024561000.0,28735415000.0,20246449000.0,,,14693072000.0,,14693072000.0,,8488966000.0,4292967000.0,699823000.0,,699823000.0,,,837483000.0,,,837483000.0,44584663000.0,36514838000.0,,,,,,,,30919539000.0,30919539000.0,,1323453000.0,-616306000.0,1939759000.0,282248000.0,380452000.0,663665000.0,48123000.0,82381000.0,0.0,8069825000.0,323818000.0,,,,,,804320000.0,,,6027804000.0,6027804000.0,0.0,0.12,19044502000.0,,,5116228000.0,12438779000.0,17332683000.0,19044502000.0,6605723000.0,-354406000.0,765620000.0,411214000.0,5116228000.0,5116228000.0,23503335000.0,455372000.0,443155000.0,11.24,11.55,5116228000.0,5116228000.0,,5116228000.0,,5116228000.0,5116228000.0,723875000.0,5840103000.0,,,,-354406000.0,,765620000.0,411214000.0,6194509000.0,6170652000.0,,,,,3896767000.0,1351621000.0,12365161000.0,17332683000.0,29697844000.0,29697844000.0,174414000.0,174414000.0,,,,,199548000.0,,5553377000.0,,4271846000.0,,,0.0,,,,,2545146000.0,,0.0,,,403220000.0,,,,,,,,,,,,,,,,1924191000.0,4103613000.0,6194509000.0,2273885000.0,,,-26919000.0,,,-369681000.0,,,913883000.0,,,,,,-1149776000.0,,-1339853000.0,392610000.0,-197749000.0,325453000.0,,12438779000.0,12230367000.0,-430661000.0,-40495000.0,-40495000.0,,,1209342000.0,1209342000.0,2286834000.0,,,,,863342000.0,,804320000.0,,,,1351621000.0,,,,763432000.0,509265000.0,180338000.0,145115000.0,,199548000.0,0.0,,,1449351000.0,,,,,,,,,,,,,,,,,,,,,,,,,,,,,,,,
TRMD-A.CO,2024-12-31,137.77,243300000.0,,-256300000.0,419400000.0,-583500000.0,291200000.0,265500000.0,,6400000.0,-378300000.0,11900000.0,,-553300000.0,-553300000.0,,,163100000.0,163100000.0,-256300000.0,419400000.0,-442100000.0,,,0.0,0.0,,-1100000.0,-1100000.0,-451800000.0,-582400000.0,826800000.0,-1300000.0,24800000.0,47800000.0,7900000.0,8400000.0,-10200000.0,49200000.0,192000000.0,,,-600000.0,-51300000.0,611500000.0,493371.0,97320680.0,97814051.0,954400000.0,1226300000.0,2070300000.0,3300300000.0,329900000.0,2070300000.0,,2074000000.0,3135000000.0,2074800000.0,800000.0,2074000000.0,,4200000.0,1471500000.0,1000000.0,1000000.0,1394800000.0,1109400000.0,45200000.0,300000.0,1061000000.0,,1061000000.0,,285400000.0,61300000.0,165300000.0,,165300000.0,,600000.0,50700000.0,,700000.0,50000000.0,3469600000.0,2854300000.0,,3100000.0,,200000.0,200000.0,100000.0,,3700000.0,2000000.0,1700000.0,2842700000.0,-676800000.0,3519500000.0,4600000.0,5900000.0,3500900000.0,,,8100000.0,615300000.0,12200000.0,68400000.0,,,25200000.0,,183900000.0,-10000000.0,193900000.0,271900000.0,271900000.0,12650000.0,0.25,821200000.0,50600000.0,50600000.0,612500000.0,192000000.0,610500000.0,871800000.0,679800000.0,-48600000.0,70300000.0,24500000.0,574550000.0,612500000.0,951700000.0,,,,,612500000.0,612500000.0,,612500000.0,1000000.0,611500000.0,611500000.0,-2000000.0,609500000.0,51300000.0,,,-48600000.0,2800000.0,70300000.0,24500000.0,607500000.0,341200000.0,245600000.0,,,,95600000.0,95600000.0,948700000.0,610500000.0,1559200000.0,1559200000.0,,,,,,130600000.0,-2000000.0,-6600000.0,2900000.0,,,,,,,,,0.0,,,,-66900000.0,41700000.0,30200000.0,0.0,,,271000000.0,,,,3100000.0,,,100000.0,33000000.0,,20700000.0,,,271900000.0,658800000.0,,19300000.0,,10800000.0,,0.0,,,,,0.0,,,,,-378300000.0,,-442100000.0,826800000.0,,7900000.0,0.0,192000000.0,,-58500000.0,334700000.0,335500000.0,-800000.0,300000.0,7500000.0,7500000.0,50700000.0,,,300000.0,,,,209100000.0,50600000.0,0.0,-700000.0,95600000.0,,,,,,,7900000.0,,-2000000.0,,,,,,,,,,,,,,,,,,,,,0.0,,,51300000.0,,,,,4500000.0,,,,,,,
TRMD-A.CO,2023-12-31,198.19,294700000.0,,-585400000.0,676400000.0,-510300000.0,295600000.0,320500000.0,,-55000000.0,-489400000.0,6000000.0,,-586400000.0,-586400000.0,,,91000000.0,91000000.0,-585400000.0,676400000.0,-370600000.0,,,0.0,0.0,,-600000.0,-600000.0,-343300000.0,-509700000.0,805000000.0,-3100000.0,14300000.0,47800000.0,3200000.0,-1800000.0,1200000.0,46500000.0,149300000.0,,,100000.0,-50400000.0,648000000.0,493371.0,85732313.0,86225684.0,794100000.0,1059600000.0,1660500000.0,2723700000.0,425800000.0,1660500000.0,,1664100000.0,2551000000.0,1666000000.0,1900000.0,1664100000.0,,4200000.0,1382200000.0,900000.0,900000.0,1204100000.0,938700000.0,45200000.0,3600000.0,886900000.0,,886900000.0,,265400000.0,45200000.0,172700000.0,,172700000.0,,500000.0,43700000.0,,600000.0,43100000.0,2870100000.0,2178900000.0,,400000.0,,0.0,1000.0,100000.0,,3600000.0,1800000.0,1800000.0,2170300000.0,-558700000.0,2729000000.0,90200000.0,11200000.0,2622100000.0,,,5500000.0,691200000.0,15200000.0,61700000.0,,,8000000.0,,211700000.0,-10000000.0,221700000.0,265500000.0,265500000.0,500000.0,0.01,807400000.0,50000000.0,50000000.0,648300000.0,149300000.0,579600000.0,857400000.0,708100000.0,-46200000.0,56100000.0,14200000.0,598800000.0,648300000.0,872200000.0,86700000.0,83600000.0,7.48,7.75,648300000.0,648300000.0,,648300000.0,300000.0,648000000.0,648000000.0,4000000.0,652000000.0,50400000.0,,,-46200000.0,4300000.0,56100000.0,14200000.0,648200000.0,292600000.0,209700000.0,,,,82900000.0,82900000.0,940800000.0,579600000.0,1520400000.0,1520400000.0,,,,,,166400000.0,4000000.0,-1500000.0,3000000.0,,-111000.0,,,,,,,0.0,,,,-66000000.0,45200000.0,22500000.0,-6500000.0,,,260000000.0,,,,400000.0,,,100000.0,37600000.0,,45000000.0,,,265500000.0,698600000.0,,30100000.0,,-26700000.0,,0.0,,,,-700000.0,47200000.0,,,,,-489400000.0,,-370600000.0,805000000.0,17000.0,3200000.0,0.0,149300000.0,,-51800000.0,25200000.0,25600000.0,-400000.0,3600000.0,3300000.0,3300000.0,43700000.0,,,100000.0,,14600000.0,,219700000.0,50000000.0,0.0,-400000.0,82900000.0,,,,,,,3200000.0,,4000000.0,,,,,,,,,,,,,,,,,,,,,0.0,,,50400000.0,,,,,4500000.0,,,,,,,
TRMD-A.CO,2022-12-31,186.24,382100000.0,0.0,-275200000.0,96300000.0,-119900000.0,323800000.0,144800000.0,,175700000.0,-337600000.0,8000000.0,,-166700000.0,-166700000.0,0.0,0.0,-178900000.0,-178900000.0,-275200000.0,96300000.0,11300000.0,,,1000000.0,1000000.0,,-600000.0,-600000.0,-12700000.0,-119300000.0,502000000.0,-700000.0,4000000.0,-180900000.0,4700000.0,-5700000.0,-21800000.0,45000000.0,139000000.0,,,-300000.0,-10200000.0,562600000.0,493400.0,81817928.0,82311328.0,646400000.0,966900000.0,1497700000.0,2468300000.0,533300000.0,1497700000.0,,1501400000.0,2351200000.0,1503700000.0,2300000.0,1501400000.0,,4200000.0,1297800000.0,800000.0,800000.0,1110500000.0,904100000.0,45200000.0,6100000.0,849800000.0,,849800000.0,,206400000.0,31100000.0,117100000.0,,117100000.0,,6800000.0,50500000.0,,2000000.0,48500000.0,2614200000.0,1874500000.0,,600000.0,197000.0,200000.0,200000.0,100000.0,,3700000.0,1900000.0,1800000.0,1865300000.0,-570200000.0,2435500000.0,0.0,10500000.0,2421200000.0,,,3800000.0,739700000.0,10400000.0,72000000.0,72033000.0,,3800000.0,,259500000.0,-10600000.0,270100000.0,320500000.0,320500000.0,1349000.0,0.19,737300000.0,7100000.0,7100000.0,562800000.0,139000000.0,598500000.0,744400000.0,605400000.0,-44300000.0,48700000.0,4000000.0,557049000.0,562800000.0,849700000.0,82800000.0,81300000.0,6.8,6.92,562800000.0,562800000.0,,562800000.0,200000.0,562600000.0,562600000.0,-5900000.0,556700000.0,7600000.0,,,-44300000.0,-400000.0,48700000.0,4000000.0,593700000.0,251200000.0,196200000.0,,,,55000000.0,55000000.0,844900000.0,598500000.0,1443400000.0,1443400000.0,,,,,,106600000.0,-5900000.0,600000.0,3000000.0,,66000.0,,,,,,,2600000.0,,,,-49500000.0,-158100000.0,2200000.0,-6300000.0,,,167600000.0,,,,600000.0,,,100000.0,55300000.0,,18200000.0,,,320500000.0,601500000.0,,3300000.0,,23600000.0,,0.0,,,,8000.0,0.0,,,,,-337600000.0,,11200000.0,502000000.0,-15000.0,4700000.0,2600000.0,139000000.0,,-10100000.0,39400000.0,39900000.0,-500000.0,6100000.0,900000.0,900000.0,50500000.0,,,300000.0,,12000000.0,,263300000.0,7300000.0,200000.0,-500000.0,55000000.0,,,,,,,4700000.0,,-5900000.0,,,,,,,,,,,,,,,,,,,,,-200000.0,,,10200000.0,,,,,4600000.0,,,,,,,
TRMD-A.CO,2021-12-31,48.0,-271839000.0,0.0,-253420000.0,548817000.0,-319787000.0,171733000.0,89514000.0,,55330000.0,297975000.0,2578000.0,,0.0,0.0,0.0,0.0,295397000.0,295397000.0,-253420000.0,548817000.0,-290593000.0,,,0.0,0.0,0.0,0.0,0.0,-309754000.0,-319787000.0,47948000.0,-1379000.0,241000.0,-48489000.0,19400000.0,-3500000.0,-26900000.0,42091000.0,130851000.0,,130851000.0,-700000.0,0.0,-42089000.0,493371.0,80739898.0,81233269.0,990601000.0,1135401000.0,1052180000.0,2187581000.0,56126000.0,1052180000.0,,1052180000.0,1978630000.0,1052180000.0,0.0,1052180000.0,,4235000.0,899467000.0,812000.0,812000.0,1278819000.0,971626000.0,45176000.0,0.0,926450000.0,,926450000.0,,307193000.0,14481000.0,208951000.0,,208951000.0,,18300000.0,36261000.0,,929000.0,35332000.0,2330999000.0,1967680000.0,,651000.0,1000.0,1000.0,1000.0,1473000.0,,0.0,,0.0,1960896000.0,-514600000.0,2475496000.0,11996000.0,9300000.0,2443300000.0,,,0.0,363319000.0,5624000.0,48812000.0,48812000.0,,4300000.0,,84000000.0,-3100000.0,87100000.0,144800000.0,144800000.0,-882550.0,0.19,137133000.0,-4645000.0,-4645000.0,-42089000.0,130851000.0,371788000.0,132488000.0,1637000.0,-42141000.0,42382000.0,241000.0,-38326550.0,-42089000.0,613387000.0,78100000.0,78100000.0,-0.54,-0.54,-42089000.0,-42089000.0,,-42089000.0,0.0,-42089000.0,-42089000.0,1344000.0,-40745000.0,-4645000.0,,,-42141000.0,1600000.0,42382000.0,241000.0,6145000.0,241599000.0,190057000.0,,,,51542000.0,51542000.0,247744000.0,371788000.0,619532000.0,619532000.0,,,,,,10033000.0,1344000.0,-200000.0,,,42000.0,,,,,,,4645000.0,,,,-41046000.0,-37500000.0,2300000.0,0.0,,,159558000.0,,,,651000.0,,,1473000.0,8300000.0,,54300000.0,,,144800000.0,1396000.0,,26889000.0,,19161000.0,,275000.0,,,,-33000.0,13216000.0,,,,,297975000.0,,-290593000.0,47998000.0,11000.0,19400000.0,4645000.0,130851000.0,,-796000.0,-3422000.0,-3559000.0,137000.0,0.0,0.0,0.0,65461000.0,,,1474000.0,,10900000.0,,88300000.0,-4749000.0,-104000.0,-500000.0,51542000.0,,,,,,,19400000.0,,1344000.0,,,208951000.0,29200000.0,2300000.0,,,,,,,,,,,,,,,,104000.0,,,0.0,,,,,4617000.0,,,,,,,
TRMD-A.CO,2020-12-31,41.78,,-1348000.0,,,,,,,,,,,,,-1348000.0,-1348000.0,,,,,,,,,,0.0,,,,,,,,,,,,,,,121922000.0,,,,,,,,,,,,,,,,,,,,,,,,,,,,,,,,,,,,,,,,,,,,,,,1000.0,,,,,,,,,,,,,,,,,,,,22459000.0,,,,,,,,,,,,,,,,,,,,,,,,,74000000.0,74000000.0,1.19,1.19,,,,,,,,,,,,,,,,,,,,,,,,,,,,,788000.0,788000.0,,,,,,,,,10000.0,,,,,,,,,,,,,,,,,,,,,,,,,,,,,,,,,,,,-173050000.0,,,,,-81000.0,,,,,,,,,,10009000.0,,,,,,,,,,,,,,,,,,,,,,,,,,,,,,,,,,,102858000.0,34200000.0,3100000.0,,,,,,,,,,,,,,,,,,,,,,,,,,,,,,,
STG.CO,2024-12-31,95.3,914800000.0,-773600000.0,-1359100000.0,2233000000.0,-264300000.0,160100000.0,99600000.0,4300000.0,56200000.0,-298800000.0,405000000.0,,-709800000.0,-709800000.0,-773600000.0,-773600000.0,873900000.0,873900000.0,-1359100000.0,2233000000.0,-824100000.0,,,-575600000.0,,-575600000.0,-48300000.0,-48300000.0,-213100000.0,-216000000.0,1179100000.0,-351100000.0,51400000.0,-138400000.0,,,135500000.0,410400000.0,419800000.0,,419800000.0,,-1700000.0,939700000.0,7265625.0,78734375.0,86000000.0,4798300000.0,5369100000.0,-97800000.0,14175400000.0,2496800000.0,-97800000.0,410700000.0,9217000000.0,12927600000.0,9217000000.0,,9217000000.0,,787800000.0,8827100000.0,86000000.0,86000000.0,7887000000.0,5052800000.0,,742300000.0,4047900000.0,337300000.0,3710600000.0,16400000.0,2834200000.0,997400000.0,1321200000.0,73400000.0,1247800000.0,,46900000.0,468700000.0,,85100000.0,383600000.0,17104000000.0,11773000000.0,,129800000.0,,,,261900000.0,261900000.0,9314800000.0,3904900000.0,5409900000.0,2066500000.0,-882100000.0,2948600000.0,100200000.0,1800000.0,1258700000.0,444400000.0,1143500000.0,0.0,5331000000.0,174600000.0,3478200000.0,,1660400000.0,207000000.0,97400000.0,1213700000.0,-18600000.0,1232300000.0,160100000.0,160100000.0,-64459575.166079,0.229312,2131000000.0,-281100000.0,-281100000.0,939700000.0,419800000.0,4923600000.0,1849900000.0,1430100000.0,-199000000.0,210800000.0,3100000.0,1156340424.833921,939700000.0,7589300000.0,82162000.0,82062000.0,11.4,11.5,939700000.0,939700000.0,0.0,939700000.0,,939700000.0,939700000.0,279600000.0,1219300000.0,-281100000.0,53000000.0,226000000.0,-199000000.0,-8700000.0,210800000.0,3100000.0,1612710000.0,2665700000.0,1190800000.0,417700000.0,183500000.0,234200000.0,,,4278410000.0,4923600000.0,9202010000.0,9202010000.0,,,,12900000.0,,2900000.0,279600000.0,,32500000.0,213700000.0,,,405600000.0,,,48500000.0,,2100000.0,,,,-226100000.0,-148300000.0,,31900000.0,,,,,,,,,,,,,,1412200000.0,,,,,,,,,,,,,,,,-125600000.0,,,,,,,,,,,,,,,,,,,,,,,,,,,,,,,,,,,,,,,,,,,,,,,,,,,,,,,,,,,,,,,,,,,,,,,,,,,
STG.CO,2023-12-31,109.38,1038600000.0,-180600000.0,-4200000.0,0.0,-308400000.0,99600000.0,22200000.0,-8100000.0,85500000.0,-386200000.0,581000000.0,,-714600000.0,-714600000.0,-180600000.0,-180600000.0,-4200000.0,-4200000.0,-4200000.0,0.0,-875300000.0,,,-581700000.0,,-581700000.0,-109400000.0,-109400000.0,-196600000.0,-199000000.0,1347000000.0,-389600000.0,49900000.0,-36700000.0,,,-16600000.0,273200000.0,375000000.0,,375000000.0,,400000.0,1182400000.0,1105000.0,85895000.0,87000000.0,3557100000.0,3961600000.0,310800000.0,13090700000.0,3092100000.0,310800000.0,304900000.0,9434000000.0,13090700000.0,9434000000.0,,9434000000.0,,141400000.0,8723000000.0,87000000.0,87000000.0,6419400000.0,4868700000.0,,706800000.0,3902500000.0,245800000.0,3656700000.0,17900000.0,1550700000.0,845300000.0,59100000.0,59100000.0,0.0,,17800000.0,628500000.0,,120300000.0,508200000.0,15853400000.0,11210600000.0,,93700000.0,,,,234000000.0,234000000.0,9123200000.0,3887600000.0,5235600000.0,1759700000.0,-795400000.0,2555100000.0,196800000.0,2500000.0,1064700000.0,319300000.0,971800000.0,0.0,4642800000.0,132900000.0,3269600000.0,,1533800000.0,113700000.0,63300000.0,963700000.0,-17900000.0,981600000.0,99600000.0,99600000.0,-19176737.322243,0.206869,2120800000.0,-92700000.0,-92700000.0,1182400000.0,375000000.0,4526800000.0,2028100000.0,1653100000.0,-189200000.0,162300000.0,4200000.0,1255923262.677757,1182400000.0,7012100000.0,86668000.0,86601000.0,13.6,13.7,1182400000.0,1182400000.0,0.0,1182400000.0,,1182400000.0,1182400000.0,308400000.0,1490800000.0,-92700000.0,92400000.0,92400000.0,-189200000.0,31100000.0,162300000.0,4200000.0,1718800000.0,2485300000.0,1142600000.0,374700000.0,174000000.0,200700000.0,,,4204100000.0,4526800000.0,8730900000.0,8730900000.0,,,,12400000.0,,2400000.0,308400000.0,,46200000.0,195300000.0,,,384100000.0,,,12200000.0,,300000.0,,,,-248700000.0,-113800000.0,,-39600000.0,,,,,,,,,,,,,,1351700000.0,,,,,,,,,,,,,,,,93700000.0,,,,,,,,,,,,,,,,,,,,,,,,,,,,,,,,,,,,,,,,,,,,,,,,,,,,,,,,,,,,,,,,,,,,,,,,,,,
STG.CO,2022-12-31,107.09,1003000000.0,-776400000.0,-4000000.0,,-389500000.0,22200000.0,173600000.0,-10600000.0,-140800000.0,-1401500000.0,138300000.0,,-692000000.0,-692000000.0,-776400000.0,-776400000.0,-4000000.0,-4000000.0,-4000000.0,,-131800000.0,,,-3700000.0,,-3700000.0,-125400000.0,-125400000.0,-18300000.0,-264100000.0,1392500000.0,-253600000.0,93000000.0,-363900000.0,,,-228100000.0,279500000.0,352300000.0,,352300000.0,,-139500000.0,1476300000.0,5751000.0,87249000.0,93000000.0,3078900000.0,3432500000.0,651500000.0,12442700000.0,2887000000.0,651500000.0,331400000.0,9341600000.0,12442700000.0,9341600000.0,,9341600000.0,,748100000.0,9032900000.0,93000000.0,93000000.0,5780500000.0,4303300000.0,,673500000.0,3376200000.0,275100000.0,3101100000.0,17900000.0,1477200000.0,686900000.0,56300000.0,56300000.0,,,19800000.0,714200000.0,,207400000.0,506800000.0,15122100000.0,10757900000.0,,104600000.0,,,,223600000.0,223600000.0,8690100000.0,3358600000.0,5331500000.0,1739600000.0,-745800000.0,2485400000.0,334300000.0,3800000.0,934700000.0,354900000.0,857700000.0,0.0,4364200000.0,100700000.0,3248900000.0,,1436300000.0,86400000.0,21400000.0,884600000.0,-14400000.0,899000000.0,22200000.0,22200000.0,7216000.0,0.205,2288500000.0,35200000.0,35200000.0,1476300000.0,352300000.0,4454900000.0,2323700000.0,1971400000.0,-133400000.0,114900000.0,1700000.0,1448316000.0,1476300000.0,6844400000.0,90851000.0,90566000.0,16.2,16.3,1476300000.0,1476300000.0,0.0,1476300000.0,,1476300000.0,1476300000.0,380200000.0,1856500000.0,35200000.0,-116900000.0,81600000.0,-133400000.0,20200000.0,114900000.0,1700000.0,1917800000.0,2389500000.0,1126400000.0,352200000.0,168500000.0,183700000.0,1126400000.0,1126400000.0,4307300000.0,4454900000.0,8762200000.0,8762200000.0,,,,15600000.0,,245800000.0,380200000.0,,31000000.0,204700000.0,,,348000000.0,,,,0.0,100000.0,,,,-199200000.0,-26900000.0,,-51400000.0,,,,,,,,,,,,,,1464600000.0,,,,,,,,,,,,,,0.0,,-108900000.0,,,,,,,,,,,,,,,,,,,,,,,,,,,,,,,,,,,,,,,,,,,,,,,,,,,,,,,,,,,,,,,,,,,,,,,,,,,
STG.CO,2021-12-31,114.14,1326300000.0,-607100000.0,0.0,,-240400000.0,173600000.0,117000000.0,5200000.0,51400000.0,-1337800000.0,-45200000.0,,-626700000.0,,-607100000.0,-607100000.0,0.0,0.0,0.0,,-177500000.0,,,-3900000.0,,-3900000.0,-28800000.0,-28800000.0,-154400000.0,-211600000.0,1566700000.0,-374200000.0,33900000.0,-155200000.0,,,41500000.0,320100000.0,361500000.0,,361500000.0,,-18300000.0,1390600000.0,4526000.0,92974000.0,97500000.0,2744400000.0,3115900000.0,473400000.0,11885800000.0,2857400000.0,473400000.0,197900000.0,8967800000.0,11885800000.0,8967800000.0,,8967800000.0,,570500000.0,8754000000.0,97500000.0,97500000.0,5615900000.0,4150000000.0,,698900000.0,3067400000.0,149400000.0,2918000000.0,17900000.0,1465900000.0,746200000.0,48500000.0,48500000.0,,,64300000.0,606900000.0,,102400000.0,504500000.0,14583700000.0,10260400000.0,,130200000.0,,,,187500000.0,187500000.0,8494400000.0,3351900000.0,5142500000.0,1448300000.0,-818400000.0,2266700000.0,214400000.0,4000000.0,1024600000.0,221100000.0,802600000.0,0.0,4323300000.0,84600000.0,2935900000.0,,1290900000.0,98800000.0,69500000.0,852400000.0,-19900000.0,872300000.0,173600000.0,173600000.0,-11705800.0,0.214,2287400000.0,-54700000.0,-54700000.0,1390600000.0,361500000.0,4119600000.0,2232700000.0,1868800000.0,-97500000.0,100300000.0,600000.0,1433594200.0,1390600000.0,6394800000.0,95689000.0,95302000.0,14.5,14.6,1390600000.0,1390600000.0,0.0,1390600000.0,,1390600000.0,1390600000.0,377900000.0,1768500000.0,-54700000.0,15600000.0,41500000.0,-97500000.0,-2200000.0,100300000.0,600000.0,1837900000.0,2275200000.0,1052900000.0,363900000.0,161200000.0,202700000.0,1052900000.0,1052900000.0,4113100000.0,4119600000.0,8232700000.0,8232700000.0,,,,9600000.0,,57200000.0,377900000.0,,58400000.0,307400000.0,,,372000000.0,,,31000000.0,-60900000.0,58500000.0,,,,-118000000.0,-9400000.0,,-1000000.0,,,,,,,,,,,,,,1273000000.0,,,,,,,,,,,,,,108500000.0,,-38300000.0,,,,,,,,,,,,,,,,,,,,,,,,,,,,,,,,,,,,,,,,,,,,,,,,,,,,,,,,,,,,,,,,,,,,,,,,,,,
STG.CO,2020-12-31,82.07,,,,7549500000.0,,,,,,,,,,-608300000.0,,,,,,7549500000.0,,,,,,,,,,,,,,,,,,,,,,,,,,,,,,,,,,,,,,,,,,,,,,,,,,,,,,,,,,,,,,,,,,,,,0.0,,,,,,,,,,,,,,,,,,,,,,,,,,,,,,,,,,,,,,,,,,,,,,,,,,,,,,,,,,,,,,,,,,,,,,1007900000.0,1007900000.0,,,,,,,,,,,,,,,,,,,,,-51800000.0,,,,,,,,,,,,,,,,,,,,,,,,,,,,,,,,,,,,31800000.0,,,,,,,,,,,,,,,,,,,,,,,,,,,,,,,,,,,,,,,,,,,,,,,,,,,,,,,,,,,,,,,,,,,,,,,,,,,,,
NOVO-B.CO,2024-12-31,613.94,69659000000.0,-20181000000.0,-6335000000.0,79391000000.0,-51309000000.0,15655000000.0,14392000000.0,455000000.0,808000000.0,8735000000.0,,,-44140000000.0,,-20181000000.0,-20181000000.0,73056000000.0,73056000000.0,-6335000000.0,79391000000.0,-128895000000.0,4577000000.0,-19814000000.0,-82163000000.0,,-82163000000.0,-4145000000.0,-4145000000.0,-47164000000.0,-47164000000.0,120968000000.0,-29636000000.0,1884000000.0,-11995000000.0,-280000000.0,,-9038000000.0,2737000000.0,8545000000.0,2512000000.0,6033000000.0,-5846000000.0,,100988000000.0,23659532.0,4441340468.0,4465000000.0,80366000000.0,102787000000.0,32396000000.0,239507000000.0,-56631000000.0,32396000000.0,6766000000.0,143486000000.0,227732000000.0,143486000000.0,,143486000000.0,,2000000.0,144448000000.0,446000000.0,446000000.0,322309000000.0,104781000000.0,,5426000000.0,89674000000.0,5428000000.0,84246000000.0,8755000000.0,217528000000.0,45524000000.0,13113000000.0,1338000000.0,11775000000.0,,120329000000.0,38562000000.0,,9716000000.0,28846000000.0,465795000000.0,304898000000.0,,24627000000.0,,2277000000.0,2277000000.0,400000000.0,400000000.0,111090000000.0,91026000000.0,20064000000.0,162488000000.0,-52396000000.0,214884000000.0,79378000000.0,10167000000.0,63198000000.0,,,62141000000.0,160897000000.0,,40849000000.0,,8873000000.0,12612000000.0,2853000000.0,71949000000.0,-2127000000.0,74076000000.0,26308000000.0,15655000000.0,-214240000.0,0.206,138416000000.0,-1040000000.0,-1040000000.0,100988000000.0,8545000000.0,44522000000.0,137376000000.0,128831000000.0,-91000000.0,1640000000.0,1838000000.0,101813760000.0,100988000000.0,162064000000.0,4463000000.0,4453900000.0,22.63,22.67,100988000000.0,100988000000.0,,100988000000.0,,100988000000.0,100988000000.0,26203000000.0,127191000000.0,,,,-91000000.0,289000000.0,1640000000.0,1838000000.0,128339000000.0,117542000000.0,2103000000.0,,,,67377000000.0,5276000000.0,245881000000.0,44522000000.0,290403000000.0,680563000000.0,,,,,,,26203000000.0,-5079000000.0,23000000.0,903000000.0,,,22335000000.0,10653000000.0,,,,,62101000000.0,,24391000000.0,-612000000.0,-14309000000.0,2289000000.0,21030000000.0,-119000000.0,,,,,,24627000000.0,,,,6326000000.0,,,13369000000.0,,15655000000.0,128339000000.0,48062000000.0,,,,,,,,,,,,9122000000.0,,,8735000000.0,,-128895000000.0,120968000000.0,2510000000.0,-280000000.0,10562000000.0,8545000000.0,2512000000.0,-11027000000.0,-1406000000.0,-1406000000.0,,5426000000.0,,,38562000000.0,,4016000000.0,2677000000.0,,,-3728000000.0,87414000000.0,-1057000000.0,-17000000.0,-1040000000.0,5276000000.0,,,,,,,3240000000.0,-7179000000.0,26203000000.0,,903000000.0,5983000000.0,,,,,,,,,,,,,,,,,,17000000.0,,,,,,,,,449000000.0,5343000000.0,,,,,
NOVO-B.CO,2023-12-31,679.09,70012000000.0,-29924000000.0,-1467000000.0,0.0,-38896000000.0,14392000000.0,12653000000.0,-119000000.0,1858000000.0,-63158000000.0,,,-31767000000.0,,-29924000000.0,-29924000000.0,-1467000000.0,-1467000000.0,-1467000000.0,0.0,-43892000000.0,-4996000000.0,-13289000000.0,0.0,,0.0,-13090000000.0,-13090000000.0,-25806000000.0,-25806000000.0,108908000000.0,-25897000000.0,1072000000.0,-13380000000.0,7587000000.0,,-7423000000.0,-2515000000.0,9413000000.0,,9413000000.0,2277000000.0,,83683000000.0,51712054.0,4458287946.0,4510000000.0,6888000000.0,27006000000.0,46155000000.0,127841000000.0,-30009000000.0,46155000000.0,5726000000.0,106561000000.0,122537000000.0,106561000000.0,,106561000000.0,,5000000.0,104839000000.0,451000000.0,451000000.0,207925000000.0,38270000000.0,,10162000000.0,20528000000.0,4552000000.0,15976000000.0,6649000000.0,169655000000.0,29977000000.0,6478000000.0,1174000000.0,5304000000.0,,100478000000.0,32722000000.0,,7116000000.0,25606000000.0,314486000000.0,174840000000.0,,20380000000.0,,1253000000.0,1253000000.0,410000000.0,410000000.0,60406000000.0,55942000000.0,4464000000.0,90961000000.0,-47622000000.0,138583000000.0,39663000000.0,8979000000.0,40951000000.0,,,48990000000.0,139646000000.0,,31811000000.0,,7224000000.0,8068000000.0,2423000000.0,64770000000.0,-1794000000.0,66564000000.0,30230000000.0,14392000000.0,339489000.0,0.201,112940000000.0,1689000000.0,1689000000.0,83683000000.0,9413000000.0,35765000000.0,114629000000.0,105216000000.0,330000000.0,542000000.0,1069000000.0,82333489000.0,83683000000.0,129687000000.0,4494800000.0,4482800000.0,18.62,18.67,83683000000.0,83683000000.0,,83683000000.0,,83683000000.0,83683000000.0,20991000000.0,104674000000.0,,,,330000000.0,197000000.0,542000000.0,1069000000.0,102574000000.0,93922000000.0,-119000000.0,,,,61598000000.0,4855000000.0,196496000000.0,35765000000.0,232261000000.0,608645000000.0,,,,0.0,,,20991000000.0,-556000000.0,189000000.0,742000000.0,,,17601000000.0,15838000000.0,,,,,56743000000.0,,8293000000.0,-491000000.0,-17497000000.0,2149000000.0,32230000000.0,13000000.0,,,,,,20380000000.0,,,,2344000000.0,,,9500000000.0,,14392000000.0,102574000000.0,32443000000.0,,,,,,,,,,,,5188000000.0,,,-63158000000.0,,-43892000000.0,108908000000.0,-1235000000.0,7587000000.0,,9413000000.0,,1653000000.0,1276000000.0,1276000000.0,,10162000000.0,,,32722000000.0,,1430000000.0,1663000000.0,,,-2514000000.0,75261000000.0,1770000000.0,81000000.0,1689000000.0,4855000000.0,,,,,,,10019000000.0,-14210000000.0,20991000000.0,,742000000.0,4848000000.0,,,,,,,,,,,,,,,,,,-81000000.0,,,,,,,,,456000000.0,0.0,,,,,
NOVO-B.CO,2022-12-31,450.5,64134000000.0,-24086000000.0,-13623000000.0,11215000000.0,-14753000000.0,12653000000.0,10719000000.0,-238000000.0,2172000000.0,-51797000000.0,,,-25303000000.0,,-24086000000.0,-24086000000.0,-2408000000.0,-2408000000.0,-13623000000.0,11215000000.0,-24918000000.0,-3090000000.0,-9735000000.0,-7075000000.0,,-7075000000.0,-2607000000.0,-2607000000.0,-12146000000.0,-12146000000.0,78887000000.0,-14515000000.0,276000000.0,-5535000000.0,5150000000.0,,-4767000000.0,2367000000.0,7362000000.0,1599000000.0,7362000000.0,-3238000000.0,,55525000000.0,60200000.0,4499800000.0,4560000000.0,8602000000.0,25784000000.0,32547000000.0,104741000000.0,-12746000000.0,32547000000.0,4529000000.0,83486000000.0,104261000000.0,83486000000.0,,83486000000.0,,6000000.0,80587000000.0,456000000.0,456000000.0,157771000000.0,36831000000.0,,7061000000.0,24318000000.0,3543000000.0,20775000000.0,4590000000.0,120940000000.0,26509000000.0,1466000000.0,986000000.0,480000000.0,,70287000000.0,22678000000.0,,7091000000.0,15587000000.0,241257000000.0,133063000000.0,,13904000000.0,,1016000000.0,1016000000.0,327000000.0,327000000.0,50939000000.0,46324000000.0,4615000000.0,66671000000.0,-44755000000.0,111426000000.0,22361000000.0,8114000000.0,37548000000.0,,,43403000000.0,108194000000.0,,24388000000.0,,6038000000.0,6005000000.0,940000000.0,50560000000.0,-1520000000.0,52080000000.0,23574000000.0,12653000000.0,-1026648000.0,0.196,82040000000.0,-5238000000.0,-5238000000.0,55525000000.0,7362000000.0,28448000000.0,76802000000.0,69440000000.0,-320000000.0,378000000.0,239000000.0,59736352000.0,55525000000.0,102145000000.0,4544600000.0,4530600000.0,12.22,12.26,55525000000.0,55525000000.0,,55525000000.0,,55525000000.0,55525000000.0,13537000000.0,69062000000.0,,,,-320000000.0,181000000.0,378000000.0,239000000.0,74809000000.0,73697000000.0,-1034000000.0,,,,50684000000.0,4467000000.0,148506000000.0,28448000000.0,176954000000.0,455692000000.0,,,,0.0,,0.0,13537000000.0,2572000000.0,100000000.0,762000000.0,,,13673000000.0,10921000000.0,,,,,46217000000.0,,6645000000.0,-272000000.0,-10824000000.0,1539000000.0,18465000000.0,615000000.0,,,,,,13904000000.0,,,,2727000000.0,,,6392000000.0,,12653000000.0,74809000000.0,24047000000.0,,,,,,,,,,,,3746000000.0,,,-51797000000.0,,-24918000000.0,78887000000.0,1160000000.0,5150000000.0,809000000.0,7362000000.0,1599000000.0,138000000.0,2449000000.0,2449000000.0,,7061000000.0,,,22678000000.0,,206000000.0,1343000000.0,,,-1715000000.0,57505000000.0,-5427000000.0,-189000000.0,-5238000000.0,4467000000.0,,,,,,,6717000000.0,-9917000000.0,13537000000.0,,762000000.0,,,,,,,,,,,,,,,,,,,189000000.0,,,,,,,,,480000000.0,,0.0,,,,
NOVO-B.CO,2021-12-31,347.79,47615000000.0,-19447000000.0,-6689000000.0,22160000000.0,-7385000000.0,10719000000.0,12226000000.0,591000000.0,-2098000000.0,-25493000000.0,,,-21517000000.0,,-19447000000.0,-19447000000.0,15471000000.0,15471000000.0,-6689000000.0,22160000000.0,-31605000000.0,-5941000000.0,-7113000000.0,-18283000000.0,0.0,-18283000000.0,-1050000000.0,-1050000000.0,-6335000000.0,-6335000000.0,55000000000.0,-14438000000.0,241000000.0,-9063000000.0,3138000000.0,,-1085000000.0,-3889000000.0,6025000000.0,,6025000000.0,,,47757000000.0,62200000.0,4620000000.0,4682200000.0,11796000000.0,26645000000.0,27575000000.0,93262000000.0,-13921000000.0,27575000000.0,4129000000.0,70746000000.0,80400000000.0,70746000000.0,,70746000000.0,,6000000.0,72004000000.0,462000000.0,462000000.0,123762000000.0,24246000000.0,,5271000000.0,12961000000.0,3307000000.0,9654000000.0,4374000000.0,99516000000.0,21784000000.0,13684000000.0,822000000.0,12862000000.0,,51520000000.0,12528000000.0,,3658000000.0,8870000000.0,194508000000.0,108913000000.0,,8672000000.0,,916000000.0,916000000.0,525000000.0,525000000.0,43171000000.0,38825000000.0,4346000000.0,55362000000.0,-40525000000.0,95887000000.0,11091000000.0,7776000000.0,35944000000.0,,,41076000000.0,85595000000.0,,19621000000.0,,5282000000.0,5037000000.0,1119000000.0,40643000000.0,-1430000000.0,42073000000.0,17485000000.0,10720000000.0,122880000.0,0.192,64754000000.0,640000000.0,640000000.0,47757000000.0,6025000000.0,23658000000.0,65394000000.0,59369000000.0,-180000000.0,289000000.0,231000000.0,47239880000.0,47757000000.0,82156000000.0,4605303761.0,4594227994.0,10.37,10.395,47757000000.0,47757000000.0,,47757000000.0,,47757000000.0,47757000000.0,11323000000.0,59080000000.0,,,,-180000000.0,122000000.0,289000000.0,231000000.0,58644000000.0,58498000000.0,-332000000.0,,,,41058000000.0,4050000000.0,117142000000.0,23658000000.0,140800000000.0,340180000000.0,,,,4000000.0,,0.0,11323000000.0,-340000000.0,360000000.0,1280000000.0,,,12285000000.0,6765000000.0,,,,,37008000000.0,,1172000000.0,-261000000.0,-13785000000.0,1040000000.0,,16581000000.0,,,,,,8672000000.0,,,,1690000000.0,,,4310000000.0,,10720000000.0,58644000000.0,17772000000.0,,,,,,,,,,,,2595000000.0,,,-25493000000.0,,-31605000000.0,55000000000.0,74000000.0,3138000000.0,,6025000000.0,,16265000000.0,-1714000000.0,-1714000000.0,,5271000000.0,,,12528000000.0,,267000000.0,1441000000.0,,,-2256000000.0,46799000000.0,616000000.0,-24000000.0,640000000.0,4050000000.0,,,,,,,3153000000.0,-12909000000.0,11323000000.0,,1280000000.0,12503000000.0,,,,,,,,,,,,,,,,,,24000000.0,,,,,,,,,359000000.0,,0.0,,,,
EQNR,2024-12-31,23.69,7933000000.0,-6013000000.0,-4083000000.0,,-12177000000.0,8120000000.0,9641000000.0,-359000000.0,-1162000000.0,-17741000000.0,,,-8578000000.0,-8578000000.0,-6013000000.0,-6013000000.0,-3150000000.0,-4083000000.0,-4083000000.0,,-3532000000.0,9507000000.0,,-1710000000.0,,-1710000000.0,,,,,20110000000.0,-20592000000.0,1841000000.0,2218000000.0,,,,-2334000000.0,9906000000.0,,9906000000.0,-166000000.0,,30986000000.0,65254402.0,2727526828.0,2792781230.0,20682000000.0,30095000000.0,37835000000.0,68927000000.0,17146000000.0,37835000000.0,3510000000.0,42342000000.0,61703000000.0,42380000000.0,38000000.0,42342000000.0,,,52407000000.0,1052000000.0,1052000000.0,88761000000.0,52713000000.0,,12726000000.0,21622000000.0,2261000000.0,19361000000.0,12927000000.0,36048000000.0,2149000000.0,8473000000.0,1249000000.0,7224000000.0,,706000000.0,22469000000.0,,10319000000.0,6838000000.0,131141000000.0,77944000000.0,1261000000.0,4900000000.0,,5616000000.0,579000000.0,2471000000.0,,4507000000.0,3064000000.0,1443000000.0,56706000000.0,-133818000000.0,190524000000.0,17354000000.0,7514000000.0,1446000000.0,,,164210000000.0,53194000000.0,,4031000000.0,412000000.0,873000000.0,3867000000.0,,12726000000.0,,,21238000000.0,5903000000.0,-35420000.0,0.22,42110000000.0,-161000000.0,-161000000.0,8806000000.0,9906000000.0,59875000000.0,41949000000.0,32043000000.0,744000000.0,1057000000.0,1801000000.0,8931580000.0,8806000000.0,72148000000.0,2827000000.0,2821000000.0,3.11,3.12,8806000000.0,8806000000.0,,8806000000.0,-23000000.0,8829000000.0,8829000000.0,22157000000.0,30986000000.0,,,,744000000.0,,1057000000.0,1801000000.0,30354000000.0,12273000000.0,11018000000.0,,,,1255000000.0,,42627000000.0,59875000000.0,102502000000.0,101298000000.0,,,,,,,,-86000000.0,-2000000.0,3482000000.0,-801000000.0,,,15335000000.0,,,,,,,,-891000000.0,,,,,,0.0,1958000000.0,,1717000000.0,4900000000.0,648000000.0,,,1024000000.0,,2217000000.0,2746000000.0,2379000000.0,3524000000.0,30927000000.0,,,,848000000.0,-12177000000.0,,,2090000000.0,,,7227000000.0,,,,,-17741000000.0,,-3533000000.0,20109000000.0,,,,9906000000.0,,-1024000000.0,-11117000000.0,,-11385000000.0,12726000000.0,,,24720000000.0,,919000000.0,8087000000.0,2947000000.0,,,17457000000.0,-112000000.0,49000000.0,-161000000.0,,933000000.0,,,,,,,,,,3482000000.0,7224000000.0,2251000000.0,,,,1906000000.0,,,,,,,,,,,,,,,,,,,,,,,,,268000000.0,3406000000.0,864000000.0,
EQNR,2023-12-31,28.2,14126000000.0,-5589000000.0,-4240000000.0,,-10575000000.0,9641000000.0,15579000000.0,-87000000.0,-5851000000.0,-18142000000.0,,,-10906000000.0,-10906000000.0,-5589000000.0,-5589000000.0,-1647000000.0,-4240000000.0,-4240000000.0,,-12409000000.0,-823000000.0,,-1195000000.0,,-1195000000.0,,,,,24701000000.0,-28276000000.0,1710000000.0,4960000000.0,,,,-1313000000.0,10581000000.0,,10581000000.0,-852000000.0,,37884000000.0,58371461.0,2944733144.0,3003104605.0,20156000000.0,31795000000.0,43951000000.0,76716000000.0,25865000000.0,43951000000.0,3569000000.0,48490000000.0,70720000000.0,48500000000.0,10000000.0,48490000000.0,,,56521000000.0,1101000000.0,1101000000.0,95080000000.0,58890000000.0,,13345000000.0,24520000000.0,2290000000.0,22230000000.0,15304000000.0,36190000000.0,2266000000.0,7275000000.0,1279000000.0,5996000000.0,,642000000.0,23797000000.0,2210000000.0,12306000000.0,5317000000.0,143580000000.0,81525000000.0,910000000.0,7936000000.0,,3441000000.0,543000000.0,2508000000.0,,4539000000.0,2806000000.0,1733000000.0,59991000000.0,-143370000000.0,203361000000.0,14097000000.0,7050000000.0,1438000000.0,,,180776000000.0,62055000000.0,,3814000000.0,519000000.0,1190000000.0,3729000000.0,,11677000000.0,,,37294000000.0,8070000000.0,339680000.0,0.22,48043000000.0,1544000000.0,1544000000.0,11885000000.0,10581000000.0,58809000000.0,49587000000.0,39006000000.0,1109000000.0,1122000000.0,2231000000.0,10680680000.0,11885000000.0,71615000000.0,3027000000.0,3021000000.0,3.93,3.93,11885000000.0,11885000000.0,,11885000000.0,-19000000.0,11904000000.0,11904000000.0,25980000000.0,37884000000.0,,,,1109000000.0,,1122000000.0,2231000000.0,35233000000.0,12806000000.0,11588000000.0,,,,1218000000.0,,48039000000.0,58809000000.0,106848000000.0,106132000000.0,,,,,,,,1041000000.0,1000000.0,3925000000.0,,,,29224000000.0,,,,,,,,-1042000000.0,,,,,,0.0,1795000000.0,,1260000000.0,7936000000.0,559000000.0,,,1378000000.0,,1572000000.0,2105000000.0,5775000000.0,2295000000.0,35770000000.0,,,,184000000.0,-10575000000.0,,,1863000000.0,,,1064000000.0,,,,,-18142000000.0,,-12408000000.0,24701000000.0,,,-53000000.0,10581000000.0,,197000000.0,-9132000000.0,,-9442000000.0,13345000000.0,,,26007000000.0,,381000000.0,5949000000.0,1035000000.0,,,16933000000.0,1543000000.0,-1000000.0,1544000000.0,,2593000000.0,,,,,,,,,,3925000000.0,5996000000.0,2210000000.0,,,,2649000000.0,,,,,,,,,,,,,,,,,,,,,,,,,310000000.0,3525000000.0,1527000000.0,
EQNR,2022-12-31,28.42,26378000000.0,-3315000000.0,-1616000000.0,0.0,-8758000000.0,15579000000.0,13987000000.0,-2268000000.0,3860000000.0,-15414000000.0,-1000000.0,,-5380000000.0,-5380000000.0,-3315000000.0,-3315000000.0,-6718000000.0,-1616000000.0,-1616000000.0,0.0,-15863000000.0,-8195000000.0,,147000000.0,147000000.0,,,,,,35136000000.0,-43856000000.0,399000000.0,-4616000000.0,,,,468000000.0,6733000000.0,,6733000000.0,-2088000000.0,,78604000000.0,53527889.0,3121942270.0,3175470159.0,19062000000.0,32167000000.0,50429000000.0,82488000000.0,34362000000.0,50429000000.0,3667000000.0,53988000000.0,78129000000.0,53989000000.0,1000000.0,53988000000.0,,,58236000000.0,1142000000.0,1142000000.0,104032000000.0,60227000000.0,,11996000000.0,26550000000.0,2409000000.0,24141000000.0,15633000000.0,43805000000.0,4374000000.0,5617000000.0,1258000000.0,4359000000.0,,903000000.0,32911000000.0,2688000000.0,17655000000.0,6207000000.0,158021000000.0,79852000000.0,339000000.0,8732000000.0,,2733000000.0,491000000.0,2758000000.0,,3559000000.0,2179000000.0,1380000000.0,58097000000.0,-143088000000.0,201185000000.0,10815000000.0,6633000000.0,1343000000.0,,,182394000000.0,78167000000.0,,5205000000.0,518000000.0,2445000000.0,4460000000.0,,16054000000.0,,,39314000000.0,9438000000.0,9240000.0,0.22,86224000000.0,42000000.0,42000000.0,28746000000.0,6733000000.0,60197000000.0,86266000000.0,79533000000.0,200000000.0,929000000.0,1129000000.0,28713240000.0,28746000000.0,71263000000.0,3183388704.0,3172847682.0,9.03,9.06,28746000000.0,28746000000.0,,28746000000.0,3000000.0,28744000000.0,28744000000.0,49861000000.0,78604000000.0,,,,200000000.0,,929000000.0,1129000000.0,77741000000.0,11066000000.0,10080000000.0,,,,986000000.0,,88807000000.0,60197000000.0,149004000000.0,150262000000.0,,,,,,,,1062000000.0,1000000.0,3671000000.0,,,,29876000000.0,,,,,,,,-747000000.0,,,,,,3041000000.0,2376000000.0,,1219000000.0,8732000000.0,691000000.0,,,4039000000.0,,6140000000.0,2242000000.0,7218000000.0,2220000000.0,78811000000.0,,,,943000000.0,-8758000000.0,,,1448000000.0,,,1018000000.0,,,,,-15413000000.0,,-15863000000.0,35136000000.0,,,342000000.0,6733000000.0,,-1849000000.0,-8431000000.0,,-8855000000.0,11996000000.0,,,32911000000.0,,1724000000.0,5491000000.0,794000000.0,,,22451000000.0,662000000.0,620000000.0,42000000.0,,-5102000000.0,,,,,,,,,,3671000000.0,4359000000.0,,,,,2808000000.0,,,,,,,,,,,,,,,,,,,,,,,241000000.0,,424000000.0,3553000000.0,1937000000.0,
EQNR,2021-12-31,19.9,20776000000.0,-321000000.0,-3913000000.0,0.0,-8040000000.0,13987000000.0,6757000000.0,-538000000.0,7768000000.0,-4836000000.0,,,-1797000000.0,-1797000000.0,-321000000.0,-321000000.0,-2718000000.0,-3913000000.0,-3913000000.0,0.0,-16211000000.0,-9952000000.0,,-111000000.0,,-111000000.0,,,,,28816000000.0,-8588000000.0,96000000.0,-4546000000.0,,,,106000000.0,11719000000.0,,11719000000.0,-47000000.0,,31583000000.0,25571396.0,3232116311.0,3257687707.0,20644000000.0,36239000000.0,34515000000.0,71687000000.0,23363000000.0,34515000000.0,3562000000.0,39010000000.0,66414000000.0,39024000000.0,14000000.0,39010000000.0,,,36683000000.0,1164000000.0,1164000000.0,108096000000.0,68957000000.0,,14037000000.0,29853000000.0,2449000000.0,27404000000.0,19899000000.0,39139000000.0,4741000000.0,6386000000.0,1113000000.0,5273000000.0,,1960000000.0,26052000000.0,2181000000.0,13119000000.0,6249000000.0,147120000000.0,84619000000.0,104000000.0,6259000000.0,,3346000000.0,,2686000000.0,,4495000000.0,3028000000.0,1467000000.0,64032000000.0,-150160000000.0,214192000000.0,12614000000.0,5850000000.0,1335000000.0,,,194393000000.0,62502000000.0,,3395000000.0,424000000.0,315000000.0,3012000000.0,,14002000000.0,,,33279000000.0,12033000000.0,-213400000.0,0.22,45041000000.0,-970000000.0,-970000000.0,8563000000.0,11719000000.0,46879000000.0,44071000000.0,32352000000.0,-657000000.0,769000000.0,112000000.0,9319600000.0,8563000000.0,55793000000.0,3255893536.0,3243560606.0,2.63,2.64,8563000000.0,8563000000.0,,8563000000.0,-14000000.0,8576000000.0,8576000000.0,23007000000.0,31583000000.0,,,,-657000000.0,,769000000.0,112000000.0,32951000000.0,8914000000.0,8134000000.0,,,,780000000.0,,41865000000.0,46879000000.0,88744000000.0,88247000000.0,,,,,,,,539000000.0,-2000000.0,4403000000.0,,,,21246000000.0,,,,,,,,-698000000.0,,,,,,6408000000.0,767000000.0,,1449000000.0,6259000000.0,1265000000.0,,,5131000000.0,,2093000000.0,2656000000.0,9360000000.0,2673000000.0,33663000000.0,,,,1892000000.0,-8040000000.0,,,,,,676000000.0,,,,,-4836000000.0,,-16211000000.0,28816000000.0,,,171000000.0,11719000000.0,,-1027000000.0,-5245000000.0,,-5245000000.0,14037000000.0,,,26052000000.0,,983000000.0,6032000000.0,,,,17928000000.0,-711000000.0,259000000.0,-970000000.0,,1195000000.0,,,,,,,,,,4403000000.0,5273000000.0,,,,,582000000.0,,,,,,,,,,,,,,,,,,,,,,,2752000000.0,,0.0,3921000000.0,914000000.0,
EQNR,2020-12-31,12.09,,,,8347000000.0,,,,,,,,,,,,,,,,8347000000.0,,,-4323000000.0,,,0.0,,,,,,,,,,,,,,,,,,,,,,,,,,,,,,,,,,1000000.0,,,,,,,,,,,,,,,,,,,,,2352000000.0,,,,,,,,,,,,,,,,,,,,,,,,,,,,,,,,,,,,,,,,,,,,,,,,,,,,,,,,,,,,,,,,,,,,,836000000.0,,,,,,,,,,,,,,,,,,,,,,,,,,,,,,,,,,,,,,,,,,,,,,,,,,,,,,,,,,,,,,,,,,,,,,,,,,,,-524000000.0,,2506000000.0,,,,,,,,,,,,,,,,,,,,,,,,1365000000.0,,,,,,,,,,,,,,,,,,,,,,,,,,,,,,,,,,,,,913000000.0,,,,,
NKT.CO,2024-12-31,514.5,544000000.0,-2000000.0,,,-495000000.0,1518000000.0,890000000.0,7000000.0,621000000.0,-27000000.0,-11000000.0,,,,-2000000.0,-2000000.0,-8000000.0,-8000000.0,,,-639000000.0,,,-144000000.0,,-144000000.0,-32000000.0,,-463000000.0,-463000000.0,1039000000.0,-38000000.0,45000000.0,711000000.0,297000000.0,,-65000000.0,,,,,,,343000000.0,50649.0,53669396.0,53720045.0,,238000000.0,1207000000.0,1853000000.0,1069000000.0,1207000000.0,92000000.0,1853000000.0,1853000000.0,1853000000.0,,1853000000.0,155000000.0,,1571000000.0,144000000.0,144000000.0,3006000000.0,1399000000.0,,34000000.0,221000000.0,77000000.0,163000000.0,35000000.0,1607000000.0,291000000.0,17000000.0,15000000.0,11000000.0,,28000000.0,594000000.0,,60000000.0,534000000.0,4859000000.0,2183000000.0,,21000000.0,5000000.0,,,8000000.0,8000000.0,646000000.0,241000000.0,405000000.0,1464000000.0,-750000000.0,2214000000.0,565000000.0,,1119000000.0,,,530000000.0,2676000000.0,33000000.0,424000000.0,,135000000.0,277000000.0,37000000.0,256000000.0,-2000000.0,258000000.0,1518000000.0,1518000000.0,-1120000.0,0.14,392000000.0,-8000000.0,-8000000.0,236000000.0,102000000.0,2215000000.0,384000000.0,282000000.0,33000000.0,8000000.0,41000000.0,242880000.0,337000000.0,2701000000.0,53794205.0,53720045.0,6.1,6.1,326000000.0,326000000.0,11000000.0,337000000.0,,337000000.0,236000000.0,38000000.0,274000000.0,-1000000.0,,,33000000.0,,8000000.0,41000000.0,551000000.0,486000000.0,,102000000.0,20000000.0,82000000.0,,,1037000000.0,2215000000.0,3252000000.0,3252000000.0,0.0,0.0,,,,,,,-19000000.0,42000000.0,,,124000000.0,,,-310000000.0,,1000000.0,,,,-30000000.0,-90000000.0,,8000000.0,,,,51000000.0,1016000000.0,,,39000000.0,,,131000000.0,,,165000000.0,,1518000000.0,,,,248000000.0,,,,569000000.0,,,,0.0,101000000.0,,,,,,,,,,,,,,,,,,,,,,,,,,,,,,,,,,,,,,,,,,,,,,,,,,,,,,,,,,,,,,,,,,,,,,,,,,,,0.0
NKT.CO,2023-12-31,463.8,304000000.0,-7000000.0,,,-238000000.0,888000000.0,262000000.0,0.0,628000000.0,334000000.0,-9000000.0,,,,350000000.0,-7000000.0,-1000000.0,-1000000.0,,,-247000000.0,,,-9000000.0,,-9000000.0,-33000000.0,,-205000000.0,-205000000.0,542000000.0,-25000000.0,89000000.0,320000000.0,19000000.0,,11000000.0,,,,,,,255000000.0,87113.0,53632932.0,53720045.0,,207000000.0,1031000000.0,1575000000.0,608000000.0,1031000000.0,64000000.0,1575000000.0,1575000000.0,1575000000.0,,1575000000.0,155000000.0,,1248000000.0,144000000.0,144000000.0,2029000000.0,655000000.0,,36000000.0,196000000.0,55000000.0,172000000.0,11000000.0,1374000000.0,145000000.0,11000000.0,9000000.0,12000000.0,,30000000.0,391000000.0,,27000000.0,364000000.0,3604000000.0,1622000000.0,,13000000.0,1000000.0,,,9000000.0,9000000.0,544000000.0,193000000.0,351000000.0,1014000000.0,-686000000.0,1700000000.0,201000000.0,,998000000.0,,,501000000.0,1982000000.0,17000000.0,311000000.0,,90000000.0,196000000.0,15000000.0,234000000.0,-1000000.0,235000000.0,888000000.0,888000000.0,-3000000.0,0.2,264000000.0,-15000000.0,-15000000.0,119000000.0,90000000.0,1747000000.0,249000000.0,159000000.0,1000000.0,10000000.0,11000000.0,131000000.0,124000000.0,2141000000.0,50197149.0,50102581.0,2.3,2.3,113000000.0,113000000.0,11000000.0,124000000.0,,124000000.0,119000000.0,30000000.0,149000000.0,-500000.0,,,1000000.0,,10000000.0,11000000.0,426000000.0,394000000.0,,90000000.0,19000000.0,71000000.0,,,820000000.0,1747000000.0,2567000000.0,2567000000.0,357000000.0,357000000.0,,,,200000.0,,,-31000000.0,40000000.0,,,76000000.0,,,-261000000.0,,500000.0,,,,-105000000.0,-60000000.0,,8000000.0,,,,48000000.0,324000000.0,,,41000000.0,,,144000000.0,,,145000000.0,,888000000.0,,,-2000000.0,-1000000.0,,,,350000000.0,,,,177000000.0,5000000.0,,,,,,,,,,,,,,,,,,,,,,,,,,,,,,,,,,,,,,,,,,,,,,,,,,,,,,,,,,,,,,,,,,,,,,,,,,,,0.0
NKT.CO,2022-12-31,359.37,107100000.0,-2500000.0,-82500000.0,61700000.0,-191100000.0,258500000.0,200500000.0,-3700000.0,65400000.0,-36000000.0,-9000000.0,-7400000.0,,,-2500000.0,-2500000.0,-19200000.0,-19200000.0,-82500000.0,61700000.0,-204800000.0,,,-15700000.0,0.0,-15700000.0,-35000000.0,,-154100000.0,-156100000.0,298200000.0,-15300000.0,50100000.0,185100000.0,93100000.0,,-62000000.0,,,,,,,154600000.0,17485.0,46788961.0,46806446.0,,195800000.0,615400000.0,1302000000.0,46600000.0,615400000.0,37600000.0,1143800000.0,1292600000.0,1143800000.0,,1143800000.0,153600000.0,,805900000.0,115400000.0,115400000.0,1623600000.0,288500000.0,,54900000.0,180900000.0,32100000.0,148800000.0,11400000.0,1335100000.0,223700000.0,14900000.0,5500000.0,9400000.0,,22700000.0,360600000.0,,9600000.0,351000000.0,2767400000.0,1385700000.0,,11700000.0,800000.0,,,0.0,0.0,528400000.0,178000000.0,350400000.0,844800000.0,-638800000.0,1483600000.0,209500000.0,,856300000.0,,,417800000.0,1381700000.0,30700000.0,334900000.0,,107200000.0,381500000.0,3300000.0,208700000.0,-2700000.0,211400000.0,258500000.0,258500000.0,5268800.0,0.296,154100000.0,17800000.0,17800000.0,55100000.0,85400000.0,1409500000.0,171900000.0,86500000.0,-6000000.0,8200000.0,2200000.0,42568800.0,62400000.0,1783200000.0,46603337.0,46485118.0,1.1,1.2,53800000.0,53800000.0,8600000.0,62400000.0,-8600000.0,62400000.0,55100000.0,23200000.0,78300000.0,0.0,,,-6000000.0,,8200000.0,2200000.0,295800000.0,373700000.0,,85400000.0,22700000.0,62700000.0,,,669500000.0,1409500000.0,2079000000.0,2079000000.0,0.0,0.0,,,,2000000.0,,,100000.0,41300000.0,,,73200000.0,,,-226600000.0,,0.0,,,,-41600000.0,-71200000.0,,-34700000.0,,,,,,,,,,,,,,154500000.0,,258500000.0,,,-3700000.0,8000000.0,,,,225200000.0,,,,164100000.0,7300000.0,,,,,,,,,,,,,,,,,,,,,,,,,,,,,,,,,,,,,,,,,,,,,,,,,,,,,,,,,,,,,,,,,,,,,,,,,,,,0.0
NKT.CO,2021-12-31,289.77,-4600000.0,0.0,-23300000.0,0.0,-213400000.0,200500000.0,239200000.0,0.0,-38700000.0,-36600000.0,,-8100000.0,,,0.0,0.0,-23300000.0,-23300000.0,-23300000.0,0.0,-211200000.0,,,2100000.0,2100000.0,0.0,-28900000.0,,-184400000.0,-184500000.0,208800000.0,-800000.0,43200000.0,50700000.0,99600000.0,,-40700000.0,,,,,,,118400000.0,,46806447.0,46806447.0,,213900000.0,538200000.0,1323600000.0,60300000.0,538200000.0,50200000.0,1159900000.0,1313800000.0,1159900000.0,,1159900000.0,152400000.0,,744600000.0,115400000.0,115400000.0,1393500000.0,330700000.0,,71800000.0,196400000.0,42500000.0,153900000.0,62500000.0,1062800000.0,170400000.0,17500000.0,7700000.0,9800000.0,,63300000.0,352300000.0,,10500000.0,341800000.0,2553400000.0,1430300000.0,,24900000.0,800000.0,800000.0,,,,621700000.0,217300000.0,404400000.0,782900000.0,-626400000.0,1409300000.0,192200000.0,,806500000.0,,,410600000.0,1123100000.0,49600000.0,287400000.0,,89800000.0,364200000.0,8800000.0,212600000.0,,,200500000.0,200500000.0,-1277300.0,0.241,126400000.0,-5300000.0,-5300000.0,11900000.0,94500000.0,1213100000.0,121100000.0,26600000.0,-6100000.0,10900000.0,4800000.0,15922700.0,4100000.0,1588200000.0,46931217.0,46931217.0,-0.091816,-0.091816,-4000000.0,-4000000.0,8100000.0,4100000.0,-8100000.0,4100000.0,11900000.0,3800000.0,15700000.0,,,,-6100000.0,,10900000.0,4800000.0,239700000.0,375100000.0,,94500000.0,25800000.0,68700000.0,,,614800000.0,1213100000.0,1827900000.0,1827900000.0,0.0,0.0,,,,100000.0,,,,62500000.0,,,69700000.0,,,-215800000.0,,,,,,-51200000.0,-69300000.0,,48400000.0,,,,,,,,,800000.0,,,,,127900000.0,,200500000.0,,,,300000.0,,,,61100000.0,,,,0.0,-7800000.0,,,,,,,,,,,,,,,,,,,,,,,,,,,,,,,,,,,,,,,,,,,,,,,,,,,,,,,,,,,,,,,,,,,,,,,,,,,,0.0
NSIS-B.CO,2024-12-31,403.56,660100000.0,,-539800000.0,134500000.0,-359800000.0,280000000.0,149700000.0,13300000.0,117000000.0,-703200000.0,-85900000.0,,-249800000.0,-249800000.0,37800000.0,,-405300000.0,-405300000.0,-539800000.0,134500000.0,-199700000.0,,,159300000.0,159300000.0,,-21500000.0,-21500000.0,-337500000.0,-338300000.0,1019900000.0,-300200000.0,,271000000.0,,,,,,,,,,305800000.0,,464356306.0,464356306.0,1516800000.0,1796800000.0,1151800000.0,12972800000.0,791100000.0,1151800000.0,,11176000000.0,12706400000.0,11176000000.0,0.0,11176000000.0,,,11032400000.0,125600000.0,125600000.0,4019600000.0,2931300000.0,,1255900000.0,1530400000.0,,1530400000.0,39700000.0,1088300000.0,315100000.0,266400000.0,,266400000.0,,,484000000.0,,60900000.0,423100000.0,15195600000.0,13316200000.0,,275000000.0,,18700000.0,18700000.0,24000000.0,24000000.0,10024200000.0,4419200000.0,5605000000.0,2968300000.0,,,,,,,,,1879400000.0,,720600000.0,,,139000000.0,58600000.0,665600000.0,,,284000000.0,280000000.0,-42161112.443059,0.266842,817000000.0,-158000000.0,-158000000.0,305800000.0,,2024000000.0,659000000.0,659000000.0,-80400000.0,,,421638887.556941,305800000.0,3174500000.0,,,,,305800000.0,305800000.0,0.0,305800000.0,0.0,305800000.0,305800000.0,111300000.0,417100000.0,-158000000.0,-12700000.0,113900000.0,-80400000.0,,,,659000000.0,1150500000.0,,,,,765500000.0,214600000.0,1809500000.0,2024000000.0,3833500000.0,3833500000.0,37800000.0,37800000.0,,,,800000.0,,,,,,,,4000000.0,,,,56800000.0,550900000.0,,,-50900000.0,,,,,,,,105300000.0,,,,,,,,,,,,659000000.0,413200000.0,,,,,,,,,,11600000.0,,,,,,,,,,,,,,,,,,,,,,,,,,,,,,,,,,,,,,,,,,,,,,,,,,,,,,,,,,,,,,,,,,,,,,,,,,,,,
NSIS-B.CO,2023-12-31,363.86,281300000.0,0.0,-334700000.0,442000000.0,-275800000.0,149700000.0,139700000.0,-7400000.0,17400000.0,-253500000.0,,,-383200000.0,-383200000.0,22400000.0,0.0,107300000.0,107300000.0,-334700000.0,442000000.0,-286200000.0,,,-10900000.0,11800000.0,-22700000.0,-26700000.0,-26700000.0,-248600000.0,-249100000.0,557100000.0,-106000000.0,10342264.909551,-23100000.0,-17058021.344324,,18535487.759974,-671575.643477,186563713.758003,40294538.60864,146269175.149363,-18669802.88867,,407900000.0,3682554.0,277317446.0,281000000.0,839200924.089273,1038658890.202041,1268740705.657374,2866553476.618641,295493283.130026,1268740705.657374,49562282.488627,1877456868.905227,2458772745.899205,1927556411.908636,50099543.003409,1877456868.905227,,,1847504595.206138,75485102.326852,75485102.326852,1885784406.884346,910387942.29787,,263929227.886591,612476986.851326,31161109.857348,581315876.993978,13431512.869547,975396464.586476,9670689.266074,426181903.350714,18401172.631279,407780730.719436,3089247.959996,1611781.544346,434106495.943747,192473579.420603,24579668.55127,217053247.971873,3813340818.792983,2542451071.076481,,236663256.761412,,8327537.979119,8327537.979119,27534601.382571,27534601.382571,608716163.247853,343443784.074307,265272379.173546,1655433961.171622,-1866174398.094808,3521608359.26643,237200517.276193,388976612.70207,1774034219.809718,,,1121397009.478448,1270889747.716502,,487160971.778456,,251034975.531826,46875979.914718,39757278.093858,497234606.430616,-19878639.046929,517113245.477545,155268288.771959,149895683.62414,-17207242.233657,0.222603,688200000.0,-77300000.0,-77300000.0,405900000.0,186563713.758003,1097400000.0,610900000.0,610900000.0,-6500000.0,23236517.264316,12088361.582592,465992757.766343,405900000.0,1791300000.0,278013699.0,276122449.0,1.46,1.47,405900000.0,405900000.0,0.0,405900000.0,-2000000.0,407900000.0,407900000.0,116800000.0,524700000.0,-77300000.0,4000000.0,73300000.0,-6500000.0,8864798.493901,23236517.264316,12088361.582592,610900000.0,693900000.0,,,,,446100000.0,128700000.0,1304800000.0,1097400000.0,2402200000.0,2402200000.0,22400000.0,22400000.0,,,134315.128695,500000.0,116854161.965056,-20147269.30432,,,,,176221448.848452,5372605.147819,,,,0.0,317400000.0,,,-10800000.0,-23773777.779098,20281584.433015,2820617.702605,,0.0,,134315.128695,20415899.561711,,,,,,,,,59904547.398178,,,610900000.0,270700000.0,,,,,,,,,,44592622.726895,,,,,,,,,,,,,,,,,,,,,,,,,,,,,,,,,-8730483.365205,,,,,,,,,,,,,,,,,,,,,,,,,,,,,,,,,,,,,,,,,,,,
NSIS-B.CO,2022-12-31,334.13,149780342.261691,-67105888.110076,-215007265.504685,287213201.111127,-387872033.276242,139714459.045179,129245940.500007,-805270.657321,11273789.202493,-167764720.275191,,,-204672958.735733,,-45095156.809971,-67105888.110076,98108808.416932,72205935.606442,-215007265.504685,287213201.111127,-358613866.060248,,,25500237.481829,,,-17447530.90862,-17447530.90862,-366666572.633458,-370424502.367622,537652375.537932,-122132716.360339,2415811.971963,-78245465.536349,71669088.501562,,-105624667.88526,-7381647.692108,195546557.952763,50866263.187438,144680294.765325,9394824.335411,0.0,494704607.147483,4401011.0,276598989.0,281000000.0,724206744.483945,919082243.555607,1226561422.875977,2721009551.087379,305734426.229508,1226561422.875977,55161040.026483,1857088347.558255,2342800765.698988,1909565152.060335,52476804.50208,1857088347.558255,,,1753074220.987637,75427018.235726,75427018.235726,1846082981.908202,911566384.087278,,221852066.091913,524365409.692137,38652991.551404,485712418.140733,15971201.370198,934516597.820924,21205460.642784,394716833.86347,16508048.475079,378208785.388391,2818447.300623,1342117.762202,482357123.735229,187762274.931994,43753039.04777,250841809.755466,3755648133.968537,2515397109.918105,,217825712.805308,,12347483.412254,12347483.412254,29929226.097094,29929226.097094,630526924.682278,361163889.808431,269363034.873847,1620472986.082126,-1848901429.208826,3469374415.290951,388677303.933563,386529915.51404,1659260189.40975,,,1034907006.433599,1240251024.050433,,510407384.965241,,250573386.203025,68582217.648498,47242545.229494,463567475.064408,-18252801.565941,481820276.630349,150451401.142791,139714459.045179,1145668.174127,0.025634,776012490.104924,44692521.481311,44692521.481311,493362489.385282,195546557.952763,1070473127.131939,820705011.586235,625158453.633472,-24560755.048288,13689601.174456,2415811.971963,449815636.078098,493362489.385282,1761529562.889506,278733918.0,276644153.0,1.770253,1.783675,493362489.385282,493362489.385282,0.0,493362489.385282,-1342117.762202,494704607.147483,494704607.147483,116764245.311533,611468852.459016,47779392.334374,-17850166.23728,-47779392.334374,-24560755.048288,13286965.845795,13689601.174456,2415811.971963,594289745.102837,691056435.757567,,,,,432564554.757553,127769610.961586,1285346180.860404,1070473127.131939,2355819307.992343,2355819307.992343,22010731.300105,22010731.300105,,,0.0,3757929.734164,116764245.311533,-36639814.908102,30063437.873314,,,,178904297.701464,10736942.097612,,39189838.656285,,,304794943.795967,,,-17581742.68484,-44289886.15265,17044895.579959,-3892141.510384,,-35834544.250781,,0.0,17313319.1324,,,,,,,,,80929701.060752,,,621266312.123088,268557764.216526,,,,,,,,,,0.0,,,,,,,,,,,,,,,,,,,,,,,,,,,,,,,,,25902872.81049,,,,,,,,,,,,,,,,,,,,,,,,,,,,,,,,,,,,,,,,,,,,
NSIS-B.CO,2021-12-31,503.41,379440051.760228,-201686774.500476,-172509421.12274,288277629.686013,-166727733.58706,129482909.229305,158794720.456708,7126266.03235,-36438077.259753,-213250149.571836,,,-197115207.611798,,-160139298.953378,-201686774.500476,157853515.509039,115768208.563273,-172509421.12274,288277629.686013,-369355713.035205,,,-219300752.806851,,-219300752.806851,-22723376.59372,-22723376.59372,-127331583.634634,-144004356.99334,546167785.347288,-84305071.741199,2420241.294006,-82288203.996194,69649166.127498,,-74758564.414843,4571566.888677,184745085.442436,45446753.187441,139298332.254995,9815423.02569,-7664097.431018,422869937.202664,4894362.0,277105638.0,282000000.0,143332067.745005,337623660.513796,914716751.284491,1863047964.985728,289084376.784015,914716751.284491,64808683.539486,1590232988.011418,1590232988.011418,1641192513.035205,50959525.023787,1590232988.011418,,,1519777074.785918,75834227.212179,75834227.212179,1688925049.666984,926145668.506185,,179770145.004757,48404825.880114,48404825.880114,,20572050.999049,762779381.160799,,289218834.633682,16403857.659372,272814976.97431,5916145.385347,2823614.843007,417760538.915319,152071827.973359,65346514.938154,200342196.003806,3330117562.702188,2278253804.757374,,220107499.904853,,4033735.49001,4033735.49001,3899277.640343,3899277.640343,675516236.726927,403911380.399619,271604856.327307,1369453198.85823,-1733968429.305423,3103421628.163654,117785076.308278,362498362.702188,1607846966.317793,,,1015291222.835395,1051863757.944814,,402297886.203616,,212443402.473834,75161937.963844,38454945.004757,396381740.818268,-20303135.299715,416684876.117983,139567247.954329,129482909.229305,881437.419749,0.026757,693130215.033302,32942173.168411,32942173.168411,423004395.052331,184745085.442436,850849272.692674,726072388.201713,541327302.759277,-13983616.365366,13714700.666032,2420241.294006,390943659.303669,423004395.052331,1487910564.414843,280228105.0,277919162.0,1.509962,1.522063,423004395.052331,423004395.052331,0.0,423004395.052331,134457.849667,422869937.202664,422869937.202664,104742664.89058,527612602.093245,24740244.338725,-16403857.659372,-8336386.679353,-13983616.365366,2689156.99334,13714700.666032,2420241.294006,522368745.956232,637061291.722169,,,,,375809689.81922,115499292.863939,1159430037.678402,850849272.692674,2010279310.371075,2010279310.371075,41547475.547098,41547475.547098,,,,16672773.358706,104742664.89058,-11966748.620362,73010612.369172,,,,131634234.823977,10084338.725024,,,,,260310396.955281,,,-6991808.182683,-77178805.708849,10487712.274025,-5378313.986679,,0.0,,,13176869.267364,,,,,,,,,58220248.905804,,,538772603.615604,270125819.980971,,,,,,,,,,0.0,,,,,,,,,,,,,,,,,,,,,,,,,,,,,,,,,42085306.945766,,,,,,,,,,,,,,,,,,,,,,,,,,,,,,,,,,,,,,,,,,,,
NSIS-B.CO,2020-12-31,323.25,,-201574834.384545,,,,,,,,,,,,-1483000000.0,,-201574834.384545,,,,,,,,,,-79017335.078742,,,,,,,1343832.22923,,-35611554.074603,,24323363.349068,23517064.01153,170129160.220556,,170129160.220556,4165879.910614,-5644095.362767,,5674598.0,,,,,,,,,70148042.365822,,,,,,,,,,,,,,,,51871924.04829,3254000000.0,,,,,18276118.317532,,2015748.343845,12094490.063073,,145940180.094411,,,,,,,,,,,,,,,,-1536940920.570696,2828632459.306861,91649358.033507,317681938.990043,1480499966.943023,,,938801195.340289,,,,,173085591.124863,,,,-21904465.336454,364447300.567258,,,,,,,,,170129160.220556,,,,,8466143.044151,1343832.22923,,,,282023407.0,280427908.0,1.34652,1.353239,,,,,,,,,,,,,,4165879.910614,8466143.044151,1343832.22923,,,,,,,,,,,,,,,,,,,93396339.931506,1209449.006307,19619950.546762,,,,96755920.504582,,,,,,,,,,53081373.054597,7256694.037844,3762730.241845,,0.0,,,,,,,21000000.0,,,,,47437277.69183,,,,,,,,,,,,,,,,,,,,,,,,,,,,,,,,,,,,,,,,,,,,,,,-39374284.316448,,,,,,,,,,,,,,,,,,,,,,,,,,,,,,,,,,,,,,,,,,,,
KCC.OL,2024-12-31,74.39,109370000.0,-1231000.0,-55459000.0,39203000.0,-26712000.0,56139000.0,68071000.0,,-11932000.0,-119724000.0,-4097000.0,-19112000.0,-78584000.0,-78584000.0,-1231000.0,-1231000.0,-16256000.0,-16256000.0,-55459000.0,39203000.0,-28290000.0,,,,,,,,-26712000.0,-26712000.0,136082000.0,,5310000.0,4376000.0,,,,14239000.0,30444000.0,,30444000.0,-67000.0,,81410000.0,347140.0,60111091.0,60458231.0,168800000.0,224939000.0,359866000.0,584805000.0,46527000.0,359866000.0,,359866000.0,559050000.0,359866000.0,,359866000.0,1000.0,1262000.0,143984000.0,6977000.0,6977000.0,252350000.0,203711000.0,,,199184000.0,,199184000.0,,48639000.0,,25755000.0,,25755000.0,,,22329000.0,,174000.0,22155000.0,612216000.0,517050000.0,,,,,,,,,,,493341000.0,-288935000.0,782276000.0,,,782276000.0,,,,95166000.0,,12665000.0,,,706000.0,,23514000.0,,,56139000.0,56139000.0,0.0,0.0,128785000.0,327000.0,327000.0,81410000.0,30444000.0,120953000.0,129112000.0,98668000.0,-14239000.0,17258000.0,5310000.0,81083000.0,81410000.0,183003000.0,,,,,81410000.0,81410000.0,0.0,81410000.0,,81410000.0,81410000.0,0.0,81410000.0,817000.0,-817000.0,,-14239000.0,2291000.0,17258000.0,5310000.0,95256000.0,62050000.0,56803000.0,,,,5259000.0,5259000.0,157306000.0,120953000.0,278259000.0,278259000.0,0.0,0.0,,,,,166000.0,450000.0,-2000.0,,,,,,,,,,,,,,,,,,,202949000.0,4529000.0,,,,4382000.0,,,2142000.0,,,,,,96072000.0,,,,,,,290000.0,,,,,,4086000.0,,,,,,,,,,,,,,,,,,,,,,,,,,,,,,,,,,,,,,,,,,,,,,,,,,,,,-1578000.0,,-1578000.0,,,,,,,,,,,,,,,,,,,,
KCC.OL,2023-12-31,85.71,136156000.0,,-219511000.0,142112000.0,-12843000.0,68071000.0,64685000.0,,3386000.0,-115179000.0,4028000.0,-21905000.0,-66836000.0,-66836000.0,50329000.0,,-77399000.0,-77399000.0,-219511000.0,142112000.0,-30434000.0,,,,,,,,-12843000.0,-12843000.0,148999000.0,,4594000.0,9446000.0,,,,16019000.0,31842000.0,,31842000.0,169000.0,,86899000.0,26578.0,60431653.0,60458231.0,180217000.0,248110000.0,361698000.0,609808000.0,62992000.0,361698000.0,,361698000.0,583430000.0,361698000.0,,361698000.0,,97000.0,141147000.0,6977000.0,6977000.0,266343000.0,222389000.0,,,221732000.0,,221732000.0,,43954000.0,,26378000.0,,26378000.0,,,17248000.0,,196000.0,17052000.0,628041000.0,521095000.0,,,,,,,,,,,497072000.0,-258492000.0,755564000.0,,,755564000.0,,,,106946000.0,2749000.0,12123000.0,10738000.0,,6807000.0,,15497000.0,,,67893000.0,67893000.0,0.0,0.0,135453000.0,2634000.0,2634000.0,86899000.0,31842000.0,126290000.0,138087000.0,106245000.0,-18670000.0,19346000.0,4594000.0,84265000.0,86899000.0,184060000.0,57195402.0,56996430.0,1.52,1.52,86899000.0,86899000.0,0.0,86899000.0,,86899000.0,86899000.0,0.0,86899000.0,0.0,,,-18670000.0,3918000.0,19346000.0,4594000.0,103106000.0,57770000.0,52368000.0,,,,5426000.0,5426000.0,160876000.0,126290000.0,287166000.0,287166000.0,50329000.0,50329000.0,,,,,198000.0,18000.0,,,,,,,0.0,,,,5403000.0,,,,,,,,,202852000.0,657000.0,,,,6325000.0,,,1699000.0,,178000.0,1385000.0,67502000.0,391000.0,103105000.0,,,,,,,11985000.0,,,,,,-2539000.0,,,,,,,,,,,,,,,,,,,,,,,,,,,,,,,,,,,,,,,,,,,,,,,,,,,,,-17591000.0,,-17591000.0,,,,,,,,,,,,,,,,,,,,
KCC.OL,2022-12-31,53.83,95645000.0,,-24049000.0,0.0,-10238000.0,64685000.0,51529000.0,,13156000.0,-82489000.0,,-15444000.0,-42421000.0,-42421000.0,0.0,,-24049000.0,-24049000.0,-24049000.0,0.0,-10238000.0,,,,,,,,-10238000.0,-10238000.0,105883000.0,,3030000.0,-12016000.0,,,,13591000.0,31344000.0,,31344000.0,207000.0,0.0,60869000.0,40078.0,52331922.0,52372000.0,255356000.0,320204000.0,297544000.0,617748000.0,2614000.0,297544000.0,0.0,297544000.0,524053000.0,297544000.0,,297544000.0,,147000.0,121087000.0,6235000.0,6235000.0,345362000.0,228975000.0,,,226509000.0,0.0,226509000.0,,116387000.0,,93695000.0,0.0,93695000.0,,,22443000.0,,193000.0,22250000.0,642906000.0,523905000.0,,,,,,,,,,,516072000.0,-226649000.0,742721000.0,,,742721000.0,,,,119001000.0,3437000.0,18898000.0,17254000.0,,13197000.0,,13629000.0,,,64848000.0,64848000.0,0.0,0.0,107408000.0,1407000.0,1407000.0,60869000.0,31344000.0,155558000.0,108815000.0,77471000.0,-15942000.0,16602000.0,2109000.0,59462000.0,60869000.0,185061000.0,52626290.0,52331922.0,1.16,1.16,60869000.0,60869000.0,0.0,60869000.0,,60869000.0,60869000.0,0.0,60869000.0,1175000.0,-1175000.0,,-15942000.0,1449000.0,16602000.0,2109000.0,75613000.0,29503000.0,21655000.0,,,,7569000.0,7569000.0,105116000.0,155558000.0,260674000.0,260674000.0,0.0,0.0,,,,0.0,188000.0,-232000.0,,,1000.0,,,,1449000.0,,,,4203000.0,,,,,,,,,153732000.0,2466000.0,,,,7762000.0,,,4923000.0,,69000.0,1644000.0,64438000.0,410000.0,,,,,,,,-16504000.0,,,,,,4488000.0,,,,,,,,,,,,,,,,,,,,,,,,,,,,,,,,,,,,,,,,,,,,,,,,,,,,,0.0,,0.0,,,,,,,,,,,,,,,,,,,,
KCC.OL,2021-12-31,37.45,-73255000.0,0.0,-123041000.0,169000000.0,-119105000.0,51529000.0,65685000.0,-742000.0,-13413000.0,46254000.0,-1000.0,-14073000.0,-7204000.0,-7204000.0,24977000.0,0.0,45959000.0,45959000.0,-123041000.0,169000000.0,-105517000.0,,,,,,,,-105305000.0,-119105000.0,45850000.0,,74000.0,-6759000.0,,,,14983000.0,28666000.0,,28666000.0,726000.0,-6360000.0,22606000.0,40078.0,52331922.0,52372000.0,301575000.0,357064000.0,254417000.0,609855000.0,43104000.0,254417000.0,1626000.0,254417000.0,582615000.0,254417000.0,,254417000.0,,147000.0,102605000.0,6235000.0,6235000.0,375514000.0,331224000.0,,,329206000.0,1008000.0,328198000.0,,44290000.0,,27858000.0,618000.0,27240000.0,,,16432000.0,,233000.0,16199000.0,629931000.0,542535000.0,,,,,,,,,,,538416000.0,-199512000.0,737928000.0,,2973000.0,734955000.0,,,,87394000.0,2467000.0,12278000.0,10810000.0,,10613000.0,,7421000.0,,,53863000.0,53863000.0,1943.997169,0.00031,58945000.0,6278000.0,6278000.0,22600000.0,28666000.0,139089000.0,65223000.0,36557000.0,-14983000.0,13951000.0,74000.0,16323943.997169,22600000.0,167346000.0,48971728.0,48677360.0,0.46,0.46,22600000.0,22600000.0,0.0,22600000.0,,22600000.0,22600000.0,7000.0,22606000.0,6360000.0,-6360000.0,,-14983000.0,1106000.0,13951000.0,74000.0,30609000.0,28257000.0,21276000.0,,,,6713000.0,6713000.0,58866000.0,139089000.0,197955000.0,197955000.0,24977000.0,24977000.0,,,,13800000.0,221000.0,82000.0,2000.0,,1000.0,,,,1952000.0,1422000.0,,,3709000.0,,,,,,,,,153732000.0,2016000.0,,,,4048000.0,,,678000.0,,74000.0,1468000.0,53474000.0,389000.0,,,-1000.0,,-212000.0,,,-8797000.0,,,,,,2038000.0,,,,,,,,,,,,,,,,,,,,,,,,,,,,,,,,,,,,,,,,,,,,,,,,,,,,,,,,,,,,,,,,,,,,,,,,,,,
KCC.OL,2020-12-31,26.57,,-147000.0,,,,,,0.0,,,-2000.0,,,,,-147000.0,,,,,,,,,,,,,,,,0.0,,,,,,,,,,,0.0,,,,,,,,,,,1732000.0,,,,,,,,,,,,,,,,1239000.0,,,,,,493000.0,,,,,,,,,,,,,,,,,,,,,,,,2510000.0,,,,,,4538000.0,,5075000.0,,,,,,,,,,,,,,,,,,,,,,,,,47443750.0,47443750.0,0.32,0.32,,,,,,,,,,,,,,,,,,,,,,,,,,,,,,,,,,0.0,,,-1000.0,,,,,,2001000.0,,,,3538000.0,,,,,,,,,,,,,,,,,,,70000.0,1084000.0,65323000.0,291000.0,,,1000.0,,,,,,,,167000.0,,,,,,,,,,,,,,,,,,,,,,,,,,,,,,,,,,,,,,,,,,,,,,,,,,,,,,,,,,,,,,,,,,,,,,,,,,,,,,
