Ticker,Date,1 Year Future Change,Free Cash Flow,Repurchase Of Capital Stock,Repayment Of Debt,Issuance Of Debt,Capital Expenditure,End Cash Position,Beginning Cash Position,Effect Of Exchange Rate Changes,Changes In Cash,Financing Cash Flow,Net Other Financing Charges,Interest Paid Cff,Cash Dividends Paid,Common Stock Dividend Paid,Net Common Stock Issuance,Common Stock Payments,Net Issuance Payments Of Debt,Net Long Term Debt Issuance,Long Term Debt Payments,Long Term Debt Issuance,Investing Cash Flow,Net Investment Purchase And Sale,Purchase Of Investment,Net Business Purchase And Sale,Sale Of Business,Purchase Of Business,Net Intangibles Purchase And Sale,Purchase Of Intangibles,Net PPE Purchase And Sale,Purchase Of PPE,Operating Cash Flow,Taxes Refund Paid,Interest Received Cfo,Change In Working Capital,Change In Payable,Change In Prepaid Assets,Change In Inventory,Other Non Cash Items,Depreciation And Amortization,Amortization Cash Flow,Depreciation,Net Foreign Currency Exchange Gain Loss,Gain Loss On Sale Of PPE,Net Income From Continuing Operations,Treasury Shares Number,Ordinary Shares Number,Share Issued,Net Debt,Total Debt,Tangible Book Value,Invested Capital,Working Capital,Net Tangible Assets,Capital Lease Obligations,Common Stock Equity,Total Capitalization,Total Equity Gross Minority Interest,Minority Interest,Stockholders Equity,Other Equity Interest,Treasury Stock,Retained Earnings,Capital Stock,Common Stock,Total Liabilities Net Minority Interest,Total Non Current Liabilities Net Minority Interest,Tradeand Other Payables Non Current,Non Current Deferred Taxes Liabilities,Long Term Debt And Capital Lease Obligation,Long Term Capital Lease Obligation,Long Term Debt,Long Term Provisions,Current Liabilities,Other Current Liabilities,Current Debt And Capital Lease Obligation,Current Capital Lease Obligation,Current Debt,Pensionand Other Post Retirement Benefit Plans Current,Current Provisions,Payables,Other Payable,Total Tax Payable,Accounts Payable,Total Assets,Total Non Current Assets,Non Current Prepaid Assets,Non Current Deferred Taxes Assets,Other Investments,Investmentin Financial Assets,Available For Sale Securities,Long Term Equity Investment,Investmentsin Associatesat Cost,Goodwill And Other Intangible Assets,Other Intangible Assets,Goodwill,Net PPE,Accumulated Depreciation,Gross PPE,Construction In Progress,Other Properties,Machinery Furniture Equipment,Buildings And Improvements,Land And Improvements,Properties,Current Assets,Prepaid Assets,Inventory,Other Inventories,Finished Goods,Other Receivables,Taxes Receivable,Accounts Receivable,Allowance For Doubtful Accounts Receivable,Gross Accounts Receivable,Cash Cash Equivalents And Short Term Investments,Cash And Cash Equivalents,Tax Effect Of Unusual Items,Tax Rate For Calcs,Normalized EBITDA,Total Unusual Items,Total Unusual Items Excluding Goodwill,Net Income From Continuing Operation Net Minority Interest,Reconciled Depreciation,Reconciled Cost Of Revenue,EBITDA,EBIT,Net Interest Income,Interest Expense,Interest Income,Normalized Income,Net Income From Continuing And Discontinued Operation,Total Expenses,Diluted Average Shares,Basic Average Shares,Diluted EPS,Basic EPS,Diluted NI Availto Com Stockholders,Net Income Common Stockholders,Otherunder Preferred Stock Dividend,Net Income,Minority Interests,Net Income Including Noncontrolling Interests,Net Income Continuous Operations,Tax Provision,Pretax Income,Special Income Charges,Other Special Charges,Restructuring And Mergern Acquisition,Net Non Operating Interest Income Expense,Total Other Finance Cost,Interest Expense Non Operating,Interest Income Non Operating,Operating Income,Operating Expense,Other Operating Expenses,Depreciation And Amortization In Income Statement,Amortization,Depreciation Income Statement,Selling General And Administration,General And Administrative Expense,Gross Profit,Cost Of Revenue,Total Revenue,Operating Revenue,Issuance Of Capital Stock,Common Stock Issuance,Interest Received Cfi,Dividends Received Cfi,Sale Of Intangibles,Sale Of PPE,Deferred Tax,Gain Loss On Investment Securities,Other Non Current Liabilities,Non Current Pension And Other Postretirement Benefit Plans,Other Non Current Assets,Investmentsin Subsidiariesat Cost,Work In Process,Other Short Term Investments,Rent Expense Supplemental,Other Non Operating Income Expenses,Write Off,Impairment Of Capital Assets,Selling And Marketing Expense,Rent And Landing Fees,Sale Of Investment,Interest Paid Cfo,Change In Receivables,Stock Based Compensation,Provisionand Write Offof Assets,Pension And Employee Benefit Expense,Gain Loss On Sale Of Business,Additional Paid In Capital,Derivative Product Liabilities,Non Current Deferred Revenue,Defined Pension Benefit,Non Current Deferred Assets,Financial Assets,Financial Assets Designatedas Fair Value Through Profitor Loss Total,Investmentsin Joint Venturesat Cost,Hedging Assets Current,Current Deferred Assets,Restricted Cash,Raw Materials,Cash Equivalents,Cash Financial,Total Operating Income As Reported,Research And Development,Other Cash Adjustment Outside Changein Cash,Other Cash Adjustment Inside Changein Cash,Net Other Investing Changes,Capital Expenditure Reported,Dividend Received Cfo,Change In Other Current Assets,Held To Maturity Securities,Investment Properties,Other Current Assets,Assets Held For Sale Current,Net Income Discontinuous Operations,Change In Other Current Liabilities,Fixed Assets Revaluation Reserve,Non Current Accrued Expenses,Cash Flow From Continuing Financing Activities,Proceeds From Stock Option Exercised,Cash Flow From Continuing Investing Activities,Cash Flow From Continuing Operating Activities,Change In Other Working Capital,Change In Payables And Accrued Expense,Asset Impairment Charge,Depreciation Amortization Depletion,Amortization Of Intangibles,Operating Gains Losses,Gains Losses Not Affecting Retained Earnings,Other Equity Adjustments,Foreign Currency Translation Adjustments,Non Current Deferred Liabilities,Current Deferred Liabilities,Current Deferred Revenue,Payables And Accrued Expenses,Income Tax Payable,Non Current Accounts Receivable,Investments And Advances,Trading Securities,Leases,Inventories Adjustments Allowances,Receivables,Other Income Expense,Earnings From Equity Interest,Gain On Sale Of Security,Other Gand A,Net Short Term Debt Issuance,Short Term Debt Payments,Short Term Debt Issuance,Interest Paid Supplemental Data,Income Tax Paid Supplemental Data,Change In Accrued Expense,Change In Account Payable,Changes In Account Receivables,Deferred Income Tax,Preferred Stock,Employee Benefits,Other Current Borrowings,Current Accrued Expenses,Interest Payable,Change In Tax Payable,Change In Income Tax Payable,Dividends Payable,Gain On Sale Of Business,Salaries And Wages,Cash Cash Equivalents And Federal Funds Sold,Net Income Extraordinary,Insurance And Claims,Net Investment Properties Purchase And Sale,Sale Of Investment Properties,Purchase Of Investment Properties,Cash From Discontinued Financing Activities,Cash From Discontinued Investing Activities,Cash From Discontinued Operating Activities,Unrealized Gain Loss On Investment Securities,Earnings Losses From Equity Investments,Liabilities Heldfor Sale Non Current,Receivables Adjustments Allowances,Gain On Sale Of Ppe,Minimum Pension Liabilities,Earnings From Equity Interest Net Of Tax,Depreciation Amortization Depletion Income Statement,Amortization Of Intangibles Income Statement,Non Current Note Receivables,Line Of Credit,Commercial Paper,Current Notes Payable,Unrealized Gain Loss,Dueto Related Parties Current,Duefrom Related Parties Current,Preferred Stock Dividends
MATAS.CO,2023-03-31,0.4703334255158558,424000000.0,0.0,-126000000.0,0.0,-254000000.0,37000000.0,28000000.0,0.0,9000000.0,-413000000.0,1000000.0,-40000000.0,-76000000.0,-76000000.0,0.0,0.0,-126000000.0,-126000000.0,-126000000.0,0.0,-256000000.0,,,-2000000.0,0.0,-2000000.0,-162000000.0,-162000000.0,-92000000.0,-92000000.0,678000000.0,-64000000.0,500000.0,-70000000.0,-8000000.0,-43000000.0,-19000000.0,53000000.0,375000000.0,123000000.0,252000000.0,0.0,6000000.0,373000000.0,358423.0,37933069.0,38291492.0,991000000.0,1679000000.0,-931000000.0,4390000000.0,-218000000.0,-931000000.0,651000000.0,3362000000.0,4280000000.0,3363000000.0,1000000.0,3362000000.0,,44000000.0,3234000000.0,96000000.0,96000000.0,2917000000.0,1620000000.0,13000000.0,199000000.0,1380000000.0,462000000.0,918000000.0,28000000.0,1297000000.0,,299000000.0,189000000.0,110000000.0,65000000.0,2000000.0,770000000.0,95000000.0,41000000.0,634000000.0,6280000000.0,5201000000.0,44000000.0,0.0,,1000000.0,1000000.0,1000000.0,1000000.0,4293000000.0,294000000.0,3999000000.0,862000000.0,-564000000.0,1426000000.0,60000000.0,577000000.0,368000000.0,278000000.0,143000000.0,0.0,1079000000.0,41000000.0,912000000.0,,912000000.0,25000000.0,20000000.0,44000000.0,-1000000.0,45000000.0,37000000.0,37000000.0,-2717000.0,0.247,803000000.0,-11000000.0,-11000000.0,281000000.0,375000000.0,2413000000.0,792000000.0,417000000.0,-45000000.0,44000000.0,0.0,289283000.0,281000000.0,4055000000.0,38067083.0,37881641.0,7.37,7.41,281000000.0,281000000.0,0.0,281000000.0,0.0,281000000.0,281000000.0,92000000.0,373000000.0,-11000000.0,11000000.0,0.0,-45000000.0,1000000.0,44000000.0,0.0,434000000.0,1642000000.0,445000000.0,375000000.0,123000000.0,252000000.0,,,2076000000.0,2413000000.0,4489000000.0,4489000000.0,,,,,,,,,,,,,,,,,,,,,,,,,,,,,,,,,,,,,,,,,,,,,,,,,,,,,,,,,,,,,,,,,,,,,,,,,,,,,,,,,,,,,,,,,,,,,,,,,,,,,,,,,,,,,,,,,,,,,,,,,,,,,,,,,,
MATAS.CO,2022-03-31,-0.10305599479507155,327100000.0,-75100000.0,-708400000.0,763500000.0,-183400000.0,28200000.0,40700000.0,,-12500000.0,-291400000.0,,-27100000.0,-76600000.0,-76600000.0,-75100000.0,-75100000.0,55100000.0,55100000.0,-708400000.0,763500000.0,-231600000.0,0.0,0.0,-48200000.0,400000.0,-48600000.0,-132900000.0,-132900000.0,-50500000.0,-50500000.0,510500000.0,-109200000.0,5200000.0,-181600000.0,-150500000.0,-7700000.0,-23400000.0,19100000.0,421300000.0,421300000.0,421300000.0,,,351100000.0,626585.0,37664907.0,38291492.0,1125800000.0,1677000000.0,-1096400000.0,4305800000.0,-275900000.0,-1096400000.0,523000000.0,3151800000.0,4147900000.0,3152300000.0,500000.0,3151800000.0,,76000000.0,3055200000.0,95700000.0,95700000.0,2903000000.0,1598100000.0,37700000.0,192800000.0,1339600000.0,343500000.0,996100000.0,28000000.0,1304900000.0,50700000.0,337400000.0,179500000.0,157900000.0,66900000.0,,746100000.0,50800000.0,32400000.0,662900000.0,6055300000.0,5026300000.0,46800000.0,,,600000.0,600000.0,7300000.0,7300000.0,4248200000.0,254600000.0,3993600000.0,723400000.0,-506300000.0,1229700000.0,9600000.0,440100000.0,351400000.0,292300000.0,136300000.0,0.0,1029000000.0,31500000.0,890100000.0,,890100000.0,7100000.0,45500000.0,26600000.0,,,28200000.0,28200000.0,-1081200.0,0.212,810500000.0,-5100000.0,-5100000.0,276500000.0,421300000.0,2378200000.0,805400000.0,384100000.0,-32600000.0,33000000.0,5100000.0,280518800.0,276500000.0,3950800000.0,38416478.0,38016401.0,7.2,7.27,276500000.0,276500000.0,0.0,276500000.0,0.0,276500000.0,276500000.0,74600000.0,351100000.0,-5100000.0,5100000.0,,-32600000.0,4700000.0,33000000.0,5100000.0,393400000.0,1572600000.0,332300000.0,416200000.0,170100000.0,246100000.0,332300000.0,332300000.0,1966000000.0,2378200000.0,4344200000.0,4344200000.0,,,,,,,,,,,,,,,,,,,,,,,,,,,,,,,,,,,,,,,,,,,,,,,,,,,,,,,,,,,,,,,,,,,,,,,,,,,,,,,,,,,,,,,,,,,,,,,,,,,,,,,,,,,,,,,,,,,,,,,,,,,,,,,,,,
MATAS.CO,2021-03-31,0.17980039685426719,803600000.0,0.0,-725000000.0,0.0,-148400000.0,40700000.0,106600000.0,,-65900000.0,-840000000.0,93700000.0,-39900000.0,,0.0,0.0,0.0,-725000000.0,-725000000.0,-725000000.0,0.0,-177900000.0,-5500000.0,-5500000.0,-24000000.0,0.0,-24000000.0,-97900000.0,-97900000.0,-50500000.0,-50500000.0,952000000.0,-84000000.0,17400000.0,225400000.0,116200000.0,13400000.0,95800000.0,32900000.0,407600000.0,407600000.0,407600000.0,,,353400000.0,22943.0,38268549.0,38291492.0,1057600000.0,1767900000.0,-1165600000.0,4137200000.0,-1338400000.0,-1165600000.0,669600000.0,3038900000.0,3038900000.0,3038900000.0,0.0,3038900000.0,76600000.0,2600000.0,2870200000.0,95700000.0,95700000.0,3104200000.0,781600000.0,59200000.0,199200000.0,495500000.0,495500000.0,0.0,27700000.0,2322600000.0,75200000.0,1272400000.0,174100000.0,1098300000.0,56700000.0,,834900000.0,103900000.0,38600000.0,692400000.0,6143100000.0,5158900000.0,44100000.0,,600000.0,600000.0,600000.0,12400000.0,12400000.0,4204500000.0,273900000.0,3930600000.0,897300000.0,-437700000.0,1335000000.0,,598400000.0,322900000.0,278800000.0,134900000.0,0.0,984200000.0,37600000.0,866700000.0,12100000.0,854600000.0,4600000.0,19400000.0,15200000.0,,,40700000.0,40700000.0,-979900.0,0.239,806700000.0,-4100000.0,-4100000.0,269000000.0,407600000.0,2322400000.0,802600000.0,395000000.0,-27700000.0,41600000.0,17300000.0,272120100.0,269000000.0,3779100000.0,38637525.0,38252608.0,6.96,7.04,269000000.0,269000000.0,0.0,269000000.0,,269000000.0,269000000.0,84400000.0,353400000.0,-4100000.0,4100000.0,,-27700000.0,3400000.0,41600000.0,17300000.0,384500000.0,1456700000.0,301300000.0,403500000.0,150300000.0,253200000.0,301300000.0,301300000.0,1841200000.0,2322400000.0,4163600000.0,4163600000.0,,,,,,,,,,,,,,,,,,,,,,,,,,,,,,,,,,,,,,,,,,,,,,,,,,,,,,,,,,,,,,,,,,,,,,,,,,,,,,,,,,,,,,,,,,,,,,,,,,,,,,,,,,,,,,,,,,,,,,,,,,,,,,,,,,
TRIFOR.CO,2022-12-31,-0.2630378127574926,16096000.0,-843000.0,-11937000.0,11566000.0,-5998000.0,30652000.0,44628000.0,-5000.0,-13971000.0,-26862000.0,-7481000.0,-1392000.0,-7624000.0,,-843000.0,-843000.0,-371000.0,-371000.0,-11937000.0,11566000.0,-9203000.0,,,-7138000.0,3279000.0,-10417000.0,-1274000.0,-1274000.0,-1043000.0,-4724000.0,22094000.0,-2869000.0,,-6028000.0,,,,2805000.0,12029000.0,3933000.0,8096000.0,,,18100000.0,65009.0,19679890.0,19744899.0,35963000.0,100867000.0,40791000.0,181244000.0,-17131000.0,40791000.0,34252000.0,114629000.0,123968000.0,115409000.0,780000.0,114629000.0,,1635000.0,112000000.0,1663000.0,1663000.0,133865000.0,44849000.0,1686000.0,4978000.0,37718000.0,28379000.0,9339000.0,,89016000.0,6704000.0,63149000.0,5873000.0,57276000.0,,,9722000.0,,4178000.0,5544000.0,249274000.0,177389000.0,,194000.0,,2125000.0,2125000.0,60317000.0,5000.0,73838000.0,24955000.0,48883000.0,40915000.0,-14991000.0,55906000.0,0.0,7306000.0,19190000.0,29410000.0,,0.0,71885000.0,2752000.0,939000.0,,,2101000.0,,35441000.0,-228000.0,35669000.0,30652000.0,30652000.0,1130880.0,0.186,29588000.0,6080000.0,6080000.0,15211000.0,12029000.0,127595000.0,35668000.0,23639000.0,-1281000.0,1393000.0,112000.0,10261880.0,15211000.0,167703000.0,19731502.0,19689118.0,0.77,0.77,15211000.0,15211000.0,0.0,15211000.0,-2889000.0,18100000.0,18100000.0,4146000.0,22246000.0,-74000.0,,-501000.0,-1281000.0,-501000.0,1393000.0,112000.0,17233000.0,40108000.0,2986000.0,12029000.0,3933000.0,8096000.0,17855000.0,13532000.0,57341000.0,127595000.0,184936000.0,184936000.0,0.0,0.0,28000.0,311000.0,0.0,3681000.0,4146000.0,-6154000.0,29000.0,438000.0,,60312000.0,939000.0,,49000.0,1181000.0,502000.0,73000.0,4323000.0,49000.0,,,,,,,,,,,,,,,,,,,,,,,,,,,,,,,,,,,,,,,,,,,,,,,,,,,,,,,,,,,,,,,,,,,,,,,,,,,,,,,,,,,,,,,,,,,,,,,,,,,,,,,,,,,,,,
TRIFOR.CO,2021-12-31,-0.5246771995015861,2073000.0,-727000.0,-32012000.0,4925000.0,-5702000.0,44628000.0,17957000.0,1647000.0,25024000.0,-32406000.0,-2481000.0,-1549000.0,-13018000.0,,18274000.0,-727000.0,-27087000.0,-27087000.0,-32012000.0,4925000.0,49655000.0,,,53328000.0,60819000.0,-7491000.0,-606000.0,-756000.0,-4696000.0,-4946000.0,7775000.0,-4654000.0,,-9607000.0,,,,-17964000.0,11672000.0,4024000.0,7648000.0,,,32696000.0,45019.0,19699880.0,19744899.0,,,33510000.0,109798000.0,20005000.0,33510000.0,,109798000.0,109798000.0,110736000.0,938000.0,109798000.0,,994000.0,107696000.0,1663000.0,1663000.0,134928000.0,68339000.0,1643000.0,5264000.0,,,,,66589000.0,9128000.0,,,,,,9584000.0,,2322000.0,7262000.0,245664000.0,159070000.0,,193000.0,,2897000.0,2897000.0,47280000.0,21000.0,76288000.0,27561000.0,48727000.0,32412000.0,-12334000.0,44746000.0,1322000.0,2640000.0,16446000.0,24338000.0,,0.0,86594000.0,2415000.0,434000.0,,,2708000.0,,36066000.0,-667000.0,36733000.0,44971000.0,44628000.0,280584.0,0.108,47275000.0,2598000.0,2598000.0,29349000.0,11672000.0,110628000.0,49873000.0,38201000.0,-1413000.0,1545000.0,132000.0,27031584.0,29349000.0,121447000.0,19304898.0,19284106.0,1.52,1.52,29349000.0,29349000.0,0.0,29349000.0,-3347000.0,32696000.0,32696000.0,3960000.0,36656000.0,-2424000.0,1847000.0,-9000.0,-1413000.0,-9000.0,1545000.0,132000.0,37078000.0,10819000.0,2377000.0,11672000.0,4024000.0,7648000.0,13325000.0,10186000.0,47897000.0,110628000.0,158525000.0,158525000.0,19001000.0,19001000.0,131000.0,795000.0,150000.0,250000.0,3960000.0,-5022000.0,12000.0,1015000.0,,47259000.0,434000.0,343000.0,32000.0,473000.0,489000.0,97000.0,3139000.0,32000.0,,,,,,,,,,,,,,,,,,,,,,,,,,,,,,,,,,,,,,,,,,,,,,,,,,,,,,,,,,,,,,,,,,,,,,,,,,,,,,,,,,,,,,,,,,,,,,,,,,,,,,,,,,,,,,
QQ.L,2023-03-31,0.12464923447506826,97000000.0,-800000.0,-257900000.0,481100000.0,-109000000.0,151200000.0,248100000.0,1800000.0,-98700000.0,159700000.0,-10000000.0,,-42600000.0,-42600000.0,-800000.0,-800000.0,223200000.0,223200000.0,-257900000.0,481100000.0,-464400000.0,,,-357800000.0,28100000.0,-385900000.0,-13800000.0,-13800000.0,-92800000.0,-95200000.0,206000000.0,-30200000.0,5500000.0,-7700000.0,58600000.0,,-9600000.0,-3300000.0,74600000.0,23100000.0,51500000.0,,-1800000.0,154400000.0,2341325.0,576415796.0,578757121.0,186400000.0,368900000.0,216300000.0,1305900000.0,74600000.0,216300000.0,31300000.0,968300000.0,1305900000.0,968300000.0,0.0,968300000.0,,,772000000.0,5800000.0,5800000.0,1103800000.0,496100000.0,1200000.0,112000000.0,361300000.0,23700000.0,337600000.0,7100000.0,607700000.0,,7600000.0,7600000.0,,,19700000.0,196200000.0,,60300000.0,135900000.0,2072100000.0,1389800000.0,,32600000.0,,0.0,,1400000.0,0.0,752000000.0,343000000.0,409000000.0,477800000.0,-512600000.0,990400000.0,115500000.0,6500000.0,434000000.0,,,434400000.0,682300000.0,36300000.0,68800000.0,,23500000.0,201300000.0,4000000.0,215000000.0,-1600000.0,216600000.0,151200000.0,151200000.0,3472600.0,0.194,261300000.0,17900000.0,17900000.0,154400000.0,74600000.0,,279200000.0,204600000.0,-6600000.0,12600000.0,6800000.0,139972600.0,154400000.0,1428000000.0,582300000.0,575900000.0,0.265,0.268,154400000.0,154400000.0,0.0,154400000.0,0.0,154400000.0,154400000.0,37600000.0,192000000.0,17900000.0,-41600000.0,23700000.0,-6600000.0,800000.0,12600000.0,6800000.0,152700000.0,1428000000.0,1353400000.0,74600000.0,23100000.0,51500000.0,,,,,1580700000.0,1580700000.0,,,,0.0,,2400000.0,37600000.0,,,,,,9100000.0,,,27200000.0,,,,,,-9900000.0,-56700000.0,6100000.0,-1000000.0,-1600000.0,-15900000.0,188400000.0,500000.0,14000000.0,119800000.0,1500000.0,4700000.0,0.0,1400000.0,4400000.0,1300000.0,,36200000.0,62100000.0,89100000.0,172800000.0,-17400000.0,,,,,,,,,,,,,,,,,,,,,,,,,,,,,,,,,,,,,,,,,,,,,,,,,,,,,,,,,,,,,,,,,,,,,,,,,,,,,,,,,,,,,,,
QQ.L,2022-03-31,0.06722905306131777,104400000.0,-800000.0,0.0,0.0,-84300000.0,248100000.0,190100000.0,1300000.0,56700000.0,-50400000.0,-3200000.0,,-40200000.0,-40200000.0,-800000.0,-800000.0,0.0,0.0,0.0,0.0,-81600000.0,0.0,,-800000.0,0.0,-800000.0,-21400000.0,-21400000.0,-61400000.0,-62900000.0,188700000.0,-25400000.0,500000.0,22000000.0,33600000.0,,1400000.0,-3700000.0,62300000.0,16100000.0,46200000.0,,-700000.0,90000000.0,4912585.0,573844536.0,578757121.0,,22100000.0,751500000.0,1041200000.0,169600000.0,751500000.0,22100000.0,1041200000.0,1041200000.0,1041400000.0,200000.0,1041200000.0,,,845000000.0,5800000.0,5800000.0,727300000.0,218700000.0,23600000.0,156700000.0,16600000.0,16600000.0,0.0,6000000.0,508600000.0,,5500000.0,5500000.0,,,21100000.0,146600000.0,,70500000.0,76100000.0,1768700000.0,1090500000.0,,21000000.0,,0.0,,2600000.0,1700000.0,289700000.0,140300000.0,149400000.0,414500000.0,-481400000.0,895900000.0,94500000.0,16600000.0,377700000.0,,,407100000.0,678200000.0,34200000.0,54900000.0,,16200000.0,184600000.0,1400000.0,154400000.0,-2700000.0,157100000.0,248100000.0,248100000.0,-2536500.0,0.285,200300000.0,-8900000.0,-8900000.0,90000000.0,62300000.0,,191400000.0,127400000.0,3100000.0,1500000.0,5000000.0,96363500.0,90000000.0,1204700000.0,579600000.0,573200000.0,0.155,0.157,90000000.0,90000000.0,0.0,90000000.0,0.0,90000000.0,90000000.0,35900000.0,125900000.0,-8900000.0,4500000.0,4400000.0,3100000.0,400000.0,1500000.0,5000000.0,115700000.0,1204700000.0,1140700000.0,64000000.0,16100000.0,47900000.0,,,,,1320400000.0,1320400000.0,,,,2000000.0,,1500000.0,35900000.0,,,,,,6200000.0,,,15700000.0,,1700000.0,,,0.0,-1500000.0,-13000000.0,7400000.0,-1000000.0,600000.0,900000.0,188400000.0,600000.0,15200000.0,362200000.0,500000.0,0.0,0.0,900000.0,200000.0,400000.0,200000.0,32500000.0,182400000.0,65700000.0,123700000.0,-6200000.0,,,,,,,,,,,,,,,,,,,,,,,,,,,,,,,,,,,,,,,,,,,,,,,,,,,,,,,,,,,,,,,,,,,,,,,,,,,,,,,,,,,,,,,
QQ.L,2021-03-31,-0.036492144036216145,102100000.0,-9000000.0,,,-75900000.0,190100000.0,105800000.0,11500000.0,72800000.0,-55600000.0,,,-37700000.0,,-9000000.0,-9000000.0,,,,,-49600000.0,300000.0,,25900000.0,54400000.0,-28500000.0,-10900000.0,-10900000.0,-64900000.0,-65000000.0,178000000.0,-15000000.0,300000.0,-12700000.0,89200000.0,,-4600000.0,-3400000.0,61200000.0,15600000.0,45600000.0,,900000.0,121900000.0,,574257121.0,574257121.0,,20700000.0,604000000.0,903300000.0,145400000.0,604000000.0,26700000.0,882600000.0,903300000.0,882900000.0,300000.0,882600000.0,,,691800000.0,5700000.0,5700000.0,609400000.0,170200000.0,52000000.0,89700000.0,20700000.0,19800000.0,20700000.0,7800000.0,439200000.0,,6900000.0,6900000.0,,,4200000.0,428000000.0,,3700000.0,424300000.0,1492300000.0,907700000.0,,11700000.0,,1700000.0,800000.0,4200000.0,3200000.0,278600000.0,133100000.0,145500000.0,397200000.0,-436400000.0,833600000.0,76900000.0,16900000.0,348100000.0,,,408600000.0,584600000.0,37300000.0,54400000.0,,12800000.0,168900000.0,700000.0,338500000.0,-3600000.0,124100000.0,191000000.0,190100000.0,-507500.0,0.145,183700000.0,21900000.0,-3500000.0,121700000.0,61200000.0,,205600000.0,144400000.0,5200000.0,1800000.0,7400000.0,150092500.0,121700000.0,1147200000.0,575800000.0,569700000.0,0.216,0.219,121700000.0,121700000.0,0.0,121700000.0,-200000.0,121900000.0,121900000.0,21100000.0,142600000.0,-3800000.0,-24900000.0,2800000.0,5200000.0,400000.0,1800000.0,7400000.0,131000000.0,1147200000.0,1086000000.0,61200000.0,15600000.0,45600000.0,,,,,1278200000.0,1278200000.0,,,,0.0,,100000.0,20700000.0,-300000.0,,,,,5600000.0,900000.0,,9200000.0,,500000.0,,,300000.0,-1700000.0,-97300000.0,10600000.0,300000.0,-1600000.0,-28400000.0,188400000.0,900000.0,36300000.0,214300000.0,800000.0,0.0,900000.0,1000000.0,500000.0,400000.0,5600000.0,36000000.0,133100000.0,57000000.0,108700000.0,,,,,,,,,,,,,,,,,,,,,,,,,,,,,,,,,,,,,,,,,,,,,,,,,,,,,,,,,,,,,,,,,,,,,,,,,,,,,,,,,,,,,,,,
RNMBY,2022-12-31,0.5757646399977219,-175000000.0,,-232000000.0,249000000.0,-349000000.0,568000000.0,1058000000.0,1000000.0,-491000000.0,-131000000.0,-5000000.0,,-143000000.0,,,,17000000.0,17000000.0,-232000000.0,249000000.0,-534000000.0,-205000000.0,-205000000.0,2000000.0,2000000.0,,,,-330000000.0,-349000000.0,174000000.0,,,-573000000.0,,,,46000000.0,250000000.0,45000000.0,205000000.0,,,540000000.0,177184.0,43381666.0,43558850.0,216000000.0,972000000.0,1998000000.0,3580000000.0,1513000000.0,1998000000.0,211000000.0,2819000000.0,3165000000.0,3090000000.0,271000000.0,2819000000.0,,6000000.0,2147000000.0,112000000.0,112000000.0,5006000000.0,1341000000.0,,78000000.0,518000000.0,172000000.0,346000000.0,205000000.0,3665000000.0,44000000.0,454000000.0,39000000.0,415000000.0,0.0,674000000.0,1099000000.0,,168000000.0,931000000.0,8096000000.0,2918000000.0,11000000.0,98000000.0,,32000000.0,21000000.0,442000000.0,,821000000.0,338000000.0,483000000.0,1347000000.0,-2945000000.0,4292000000.0,162000000.0,15000000.0,2637000000.0,295000000.0,1183000000.0,0.0,5178000000.0,135000000.0,1879000000.0,,245000000.0,375000000.0,122000000.0,1560000000.0,,,696000000.0,545000000.0,-3823119.777159,0.254875,1015000000.0,-15000000.0,-15000000.0,468000000.0,250000000.0,3031000000.0,1000000000.0,750000000.0,-68000000.0,32000000.0,12000000.0,479176880.222841,474000000.0,5656000000.0,216800000.0,216800000.0,2.188,2.188,474000000.0,474000000.0,0.0,474000000.0,-66000000.0,540000000.0,534000000.0,183000000.0,718000000.0,-15000000.0,-8000000.0,,-68000000.0,48000000.0,32000000.0,12000000.0,754000000.0,2625000000.0,332000000.0,250000000.0,45000000.0,205000000.0,234000000.0,125000000.0,3379000000.0,3031000000.0,6410000000.0,6410000000.0,,,,,,19000000.0,,-5000000.0,30000000.0,484000000.0,7000000.0,,814000000.0,151000000.0,23000000.0,6000000.0,23000000.0,0.0,109000000.0,23000000.0,0.0,,-39000000.0,,,-62000000.0,,566000000.0,6000000.0,,0.0,100000000.0,10000000.0,,,31000000.0,0.0,,820000000.0,0.0,545000000.0,,,,-23000000.0,-1000000.0,,17000000.0,-507000000.0,11000000.0,24000000.0,30000000.0,349000000.0,6000000.0,,,,,,,,,,,,,,,,,,,,,,,,,,,,,,,,,,,,,,,,,,,,,,,,,,,,,,,,,,,,,,,,,,,,,,,,,,,,
RNMBY,2021-12-31,1.1597716803614317,419000000.0,,-231000000.0,122000000.0,-271000000.0,1039000000.0,1027000000.0,4000000.0,7000000.0,-202000000.0,-6000000.0,,-87000000.0,,,,-109000000.0,-109000000.0,-231000000.0,122000000.0,-462000000.0,-195000000.0,-195000000.0,1000000.0,1000000.0,-35000000.0,,,-268000000.0,-271000000.0,690000000.0,,,17000000.0,,,,107000000.0,254000000.0,,254000000.0,,,332000000.0,255201.0,43303649.0,43558850.0,,921000000.0,1651000000.0,3119000000.0,1641000000.0,1651000000.0,220000000.0,2418000000.0,2944000000.0,2621000000.0,203000000.0,2418000000.0,-1000000.0,9000000.0,1755000000.0,112000000.0,112000000.0,5113000000.0,1772000000.0,,38000000.0,707000000.0,181000000.0,526000000.0,210000000.0,3341000000.0,55000000.0,214000000.0,39000000.0,175000000.0,0.0,677000000.0,958000000.0,,149000000.0,809000000.0,7734000000.0,2752000000.0,10000000.0,147000000.0,,32000000.0,29000000.0,201000000.0,,767000000.0,286000000.0,481000000.0,1270000000.0,-2777000000.0,4047000000.0,148000000.0,14000000.0,2491000000.0,276000000.0,1118000000.0,0.0,4982000000.0,104000000.0,1579000000.0,,295000000.0,423000000.0,60000000.0,1176000000.0,,,1218000000.0,1039000000.0,-1804123.71134,0.257732,874000000.0,-7000000.0,-7000000.0,391000000.0,254000000.0,2628000000.0,867000000.0,613000000.0,-44000000.0,31000000.0,4000000.0,396195876.28866,291000000.0,5044000000.0,216400000.0,216400000.0,1.344,1.344,291000000.0,291000000.0,0.0,291000000.0,-41000000.0,332000000.0,432000000.0,150000000.0,582000000.0,-7000000.0,-2000000.0,,-44000000.0,17000000.0,31000000.0,4000000.0,614000000.0,2416000000.0,360000000.0,251000000.0,48000000.0,203000000.0,158000000.0,65000000.0,3030000000.0,2628000000.0,5658000000.0,5658000000.0,,,,,,3000000.0,,,36000000.0,773000000.0,10000000.0,,687000000.0,179000000.0,21000000.0,6000000.0,9000000.0,15000000.0,93000000.0,21000000.0,,,63000000.0,,,-35000000.0,,561000000.0,4000000.0,,136000000.0,107000000.0,10000000.0,,,31000000.0,0.0,,597000000.0,0.0,1039000000.0,,,1000000.0,-19000000.0,,,30000000.0,22000000.0,3000000.0,30000000.0,40000000.0,334000000.0,-100000000.0,,,,,,,,,,,,,,,,,,,,,,,,,,,,,,,,,,,,,,,,,,,,,,,,,,,,,,,,,,,,,,,,,,,,,,,,,,,,
RNMBY,2020-12-31,-0.13118505333992148,,,,,,,,,,,,,,-104000000.0,,,,,,,,,0.0,,,-3000000.0,,,,,,,,,,,,,,,,,,,,,,,,,,,,,,,,,,,,,,,,,,,,,,,,,,,,,,,,,,,,,,,,,,,,,,,,,,,,,,,,,,,,,,,,,,,,,,,,,,,,,,,,,,,,,,,,,,,,,,,,,,,,,,,,,,,,,,,,,,,,,,,,,,-6000000.0,,,,,,,,,,29000000.0,,,20000000.0,,,,,,,,,,,,,,,,,,,,,,,,0.0,11000000.0,-237000000.0,,,,,,0.0,,,,,,,,,,,,,,,,,,,,,,,,,,,,,,,,,,,,,,,,,,,,,,,,,,,,,,,,,,,,,,,,,,,,,,,,,,,,,
SAABF,2022-12-31,0.6281640312297723,2344000000.0,0.0,-1386000000.0,1394000000.0,-2310000000.0,2869000000.0,1701000000.0,130000000.0,1038000000.0,-1178000000.0,47000000.0,,-647000000.0,,0.0,0.0,8000000.0,8000000.0,-1386000000.0,1394000000.0,-2438000000.0,-287000000.0,-289000000.0,42000000.0,42000000.0,0.0,-186000000.0,-186000000.0,-1507000000.0,-1624000000.0,4654000000.0,-596000000.0,,-932000000.0,,,-2550000000.0,390000000.0,2127000000.0,158000000.0,1969000000.0,,,2819000000.0,13427852.0,529955536.0,543383388.0,4325000000.0,9988000000.0,17238000000.0,36680000000.0,19103000000.0,17238000000.0,2794000000.0,29486000000.0,36235000000.0,29876000000.0,390000000.0,29486000000.0,,,19845000000.0,2174000000.0,2174000000.0,42489000000.0,14089000000.0,,1140000000.0,8989000000.0,2240000000.0,6749000000.0,2566000000.0,28400000000.0,279000000.0,999000000.0,554000000.0,445000000.0,1906000000.0,1035000000.0,5886000000.0,3000000.0,1013000000.0,4870000000.0,72365000000.0,24862000000.0,,403000000.0,,118000000.0,,343000000.0,343000000.0,12248000000.0,6864000000.0,5384000000.0,10647000000.0,-10541000000.0,21188000000.0,1558000000.0,4679000000.0,6543000000.0,8408000000.0,,0.0,47503000000.0,1015000000.0,14195000000.0,,1406000000.0,11229000000.0,36000000.0,6045000000.0,-80000000.0,6125000000.0,12857000000.0,2869000000.0,-15010000.0,0.19,5332000000.0,-79000000.0,-79000000.0,2195000000.0,2127000000.0,33120000000.0,5253000000.0,3126000000.0,-276000000.0,307000000.0,131000000.0,2258990000.0,2195000000.0,38726000000.0,534896000.0,528632000.0,4.1025,4.1525,2195000000.0,2195000000.0,0.0,2195000000.0,-88000000.0,2283000000.0,2283000000.0,536000000.0,2819000000.0,100000000.0,-43000000.0,0.0,-276000000.0,100000000.0,307000000.0,131000000.0,3280000000.0,5606000000.0,14000000.0,,,,3876000000.0,1543000000.0,8886000000.0,33120000000.0,42006000000.0,42006000000.0,,,,,,117000000.0,,,49000000.0,1345000000.0,,,5512000000.0,9988000000.0,,,3000000.0,-60000000.0,2333000000.0,,2000000.0,,-241000000.0,,705000000.0,,0.0,6099000000.0,,,,,,118000000.0,0.0,1835000000.0,,,7277000000.0,1250000000.0,1619000000.0,3274000000.0,1817000000.0,,,,-500000000.0,44000000.0,-153000000.0,,,,291000000.0,,2552000000.0,,,,,,,,,,,,,,,,,,,,,,,,,,,,,,,,,,,,,,,,,,,,,,,,,,,,,,,,,,,,,,,,,,,,,,,,,,,
SAABF,2021-12-31,0.8970029806366022,3193000000.0,-246000000.0,-2538000000.0,2248000000.0,-2520000000.0,1701000000.0,2273000000.0,57000000.0,-629000000.0,-1639000000.0,15000000.0,,-622000000.0,,-246000000.0,-246000000.0,-290000000.0,-290000000.0,-2538000000.0,2248000000.0,-4703000000.0,-2207000000.0,-2210000000.0,-2000000.0,19000000.0,-21000000.0,-406000000.0,-406000000.0,-1197000000.0,-1223000000.0,5713000000.0,-373000000.0,,-76000000.0,,,-1320000000.0,275000000.0,1938000000.0,151000000.0,1787000000.0,,,2577000000.0,16142676.0,511098036.0,527240712.0,5472000000.0,9716000000.0,10814000000.0,30149000000.0,16220000000.0,10814000000.0,2543000000.0,22976000000.0,28728000000.0,23249000000.0,273000000.0,22976000000.0,,,14333000000.0,2174000000.0,2174000000.0,41790000000.0,16478000000.0,,137000000.0,7813000000.0,2061000000.0,5752000000.0,2529000000.0,25312000000.0,169000000.0,1903000000.0,482000000.0,1421000000.0,1679000000.0,1072000000.0,4489000000.0,28000000.0,927000000.0,3534000000.0,65039000000.0,23507000000.0,,305000000.0,,37000000.0,,404000000.0,404000000.0,12162000000.0,6909000000.0,5253000000.0,9619000000.0,-9717000000.0,19336000000.0,1385000000.0,4172000000.0,5952000000.0,7827000000.0,,0.0,41532000000.0,1022000000.0,11609000000.0,,1231000000.0,10362000000.0,35000000.0,5884000000.0,-77000000.0,5961000000.0,11841000000.0,1701000000.0,5136000.0,0.214,4783000000.0,24000000.0,24000000.0,1926000000.0,1938000000.0,30949000000.0,4807000000.0,2869000000.0,-330000000.0,292000000.0,32000000.0,1907136000.0,1926000000.0,36208000000.0,533172000.0,528660000.0,3.6125,3.6425,1926000000.0,1926000000.0,0.0,1926000000.0,-99000000.0,2025000000.0,2025000000.0,552000000.0,2577000000.0,5000000.0,2000000.0,,-330000000.0,70000000.0,292000000.0,32000000.0,2946000000.0,5259000000.0,15000000.0,,,,3700000000.0,1434000000.0,8205000000.0,30949000000.0,39154000000.0,39154000000.0,,,,,,26000000.0,,,40000000.0,5959000000.0,,,4405000000.0,10140000000.0,,,2000000.0,-9000000.0,2266000000.0,,3000000.0,,-1636000000.0,,1272000000.0,,0.0,6099000000.0,,,,,,37000000.0,0.0,779000000.0,,,5973000000.0,300000000.0,1401000000.0,2888000000.0,1659000000.0,,,,-891000000.0,72000000.0,2929000000.0,,,,0.0,,401000000.0,,,,,,,,,,,,,,,,,,,,,,,,,,,,,,,,,,,,,,,,,,,,,,,,,,,,,,,,,,,,,,,,,,,,,,,,,,,
SAABF,2020-12-31,0.04165902737865168,,-242000000.0,,,,,,,,,-85000000.0,,,0.0,-242000000.0,-242000000.0,,,,,,,,,,,,,,,,,,,,,,,,,,,,,,,,,,,,,,,,,,,,,,,,,,,,,,,,,,,,,,,,,,,,,,,,,,,,,,,,,,,,,,,,,,,,,,,,,,,,,,,,,,,,,,,,,,,,,,,,,,,,,,,,,,,,-13000000.0,,,,,,,,,,,,,,,,,0.0,0.0,,,,,,,,,,,,,,,,,,,,,,,,,,,,,,,,30000000.0,,,,,,,,,,,,,,,,,,,,,,,,,,,,,,,,,,,,,,,,,,,,,,,,,,,,,,,,,,,,,,,,,,,,,,,,,,,,,,,,,,,,,,,,,,,,,,,,
BCKIY,2023-03-31,0.8462528409960337,136200000.0,0.0,-972800000.0,416600000.0,-125100000.0,429500000.0,756500000.0,-5700000.0,-321300000.0,-666100000.0,800000.0,,,0.0,0.0,0.0,-556200000.0,-556200000.0,-972800000.0,416600000.0,83500000.0,,,158600000.0,158600000.0,0.0,-20500000.0,-20900000.0,-65700000.0,-104200000.0,261300000.0,-25400000.0,14800000.0,160100000.0,131400000.0,,-25700000.0,49300000.0,181900000.0,28100000.0,153800000.0,,500000.0,-33300000.0,,505596597.0,505596597.0,336300000.0,1016800000.0,-568300000.0,1141900000.0,-255800000.0,-568300000.0,228800000.0,353900000.0,1122300000.0,370900000.0,17000000.0,353900000.0,,,-1568800000.0,303400000.0,303400000.0,2939000000.0,1245500000.0,900000.0,7000000.0,947300000.0,178900000.0,768400000.0,80800000.0,1693500000.0,,69500000.0,49900000.0,19600000.0,7600000.0,67900000.0,365200000.0,34800000.0,91300000.0,239100000.0,3309900000.0,1872200000.0,,112200000.0,,7300000.0,7300000.0,57400000.0,,922200000.0,140800000.0,781400000.0,637600000.0,-696400000.0,1334000000.0,90800000.0,279900000.0,806500000.0,156800000.0,,0.0,1437700000.0,63700000.0,126800000.0,,61000000.0,374200000.0,87500000.0,306000000.0,-7300000.0,313300000.0,453100000.0,451700000.0,-14706000.0,0.19,316800000.0,-77400000.0,-77400000.0,-35000000.0,181900000.0,,239400000.0,57500000.0,-49300000.0,51300000.0,21200000.0,27694000.0,-35000000.0,4315700000.0,514920548.0,505391563.0,-0.069,-0.069,-35000000.0,-35000000.0,0.0,-35000000.0,-1700000.0,-33300000.0,-33300000.0,39500000.0,6200000.0,-77400000.0,77400000.0,,-49300000.0,19200000.0,51300000.0,21200000.0,122900000.0,4315700000.0,4315700000.0,,,,,,,,4438600000.0,4438600000.0,,,,8700000.0,400000.0,38500000.0,39500000.0,-8200000.0,,156200000.0,,,7200000.0,1400000.0,,,,,,,,-77000000.0,-125800000.0,9400000.0,,,77400000.0,903600000.0,53300000.0,,94800000.0,4200000.0,2600000.0,,,4300000.0,5700000.0,,58600000.0,230000000.0,221700000.0,45500000.0,,,,,,,132300000.0,,,,,,,,,,,,,,,,,,,,,,,,,,,,,,,,,,,,,,,,,,,,,,,,,,,,,,,,,,,,,,,,,,,,,,,,,,,,,,,,,
BCKIY,2022-03-31,-0.07499995312143781,-196400000.0,0.0,-31700000.0,23100000.0,-203200000.0,756500000.0,530900000.0,2900000.0,222700000.0,-122700000.0,,,,,0.0,0.0,-8600000.0,-8600000.0,-31700000.0,23100000.0,338600000.0,,,402600000.0,420700000.0,-18100000.0,-12400000.0,-12400000.0,-122800000.0,-190800000.0,6800000.0,10000000.0,9900000.0,-209800000.0,-202000000.0,,10600000.0,71600000.0,200900000.0,37100000.0,163800000.0,,-4000000.0,167900000.0,,505596597.0,505596597.0,564800000.0,2145200000.0,-278100000.0,2393100000.0,-345500000.0,-278100000.0,434100000.0,682000000.0,1529700000.0,701500000.0,19500000.0,682000000.0,,,-1241400000.0,303400000.0,303400000.0,3899200000.0,1416500000.0,1000000.0,9600000.0,1177000000.0,329300000.0,847700000.0,60300000.0,2482700000.0,,968200000.0,104800000.0,863400000.0,,55600000.0,287400000.0,28400000.0,94300000.0,164700000.0,4600700000.0,2463500000.0,,47400000.0,,10000000.0,10000000.0,54300000.0,,960100000.0,176700000.0,783400000.0,1044900000.0,-748500000.0,1793400000.0,213900000.0,216500000.0,1211000000.0,152000000.0,,0.0,2137200000.0,71100000.0,142700000.0,,61300000.0,407500000.0,25400000.0,301300000.0,-14600000.0,315900000.0,1146300000.0,1146300000.0,39744000.0,0.24,288800000.0,172800000.0,165600000.0,164200000.0,200900000.0,3756500000.0,461600000.0,260700000.0,-71600000.0,78400000.0,8800000.0,45544000.0,164200000.0,4040600000.0,511175735.0,505091970.0,0.321,0.325,164200000.0,164200000.0,0.0,164200000.0,-3700000.0,167900000.0,167900000.0,14400000.0,182300000.0,165600000.0,-172800000.0,-172800000.0,-71600000.0,2000000.0,78400000.0,8800000.0,61200000.0,4040600000.0,4040600000.0,,,,284100000.0,284100000.0,345300000.0,3756500000.0,4101800000.0,4101800000.0,,,,41600000.0,0.0,68000000.0,14400000.0,-1700000.0,,109300000.0,,,4100000.0,,,6200000.0,,,,,,-54900000.0,-111700000.0,5500000.0,,-151700000.0,-172800000.0,903600000.0,59300000.0,,300900000.0,9700000.0,0.0,,,11400000.0,8200000.0,,77300000.0,530300000.0,616000000.0,226800000.0,,,,,,,124200000.0,,,,,,,,,,,,,,,,,,,,,,,,,,,,,,,,,,,,,,,,,,,,,,,,,,,,,,,,,,,,,,,,,,,,,,,,,,,,,,,,,
BCKIY,2021-03-31,-0.4871794847933544,250900000.0,-2200000.0,-1154400000.0,25100000.0,-176500000.0,530900000.0,1348700000.0,3100000.0,-820900000.0,-1223900000.0,49000000.0,,,0.0,-2200000.0,-2200000.0,-1129300000.0,-1129300000.0,-1154400000.0,25100000.0,-24400000.0,,,81800000.0,90600000.0,-8800000.0,-19600000.0,-19600000.0,-123700000.0,-156900000.0,427400000.0,19400000.0,12000000.0,318600000.0,212500000.0,,32900000.0,62100000.0,279400000.0,59400000.0,220000000.0,,26400000.0,-1803000000.0,,505596597.0,505596597.0,802700000.0,2319800000.0,-943200000.0,1920500000.0,-257100000.0,-943200000.0,612300000.0,213000000.0,1536800000.0,229000000.0,16000000.0,213000000.0,,,-1671700000.0,303400000.0,303400000.0,4381900000.0,2270000000.0,1900000.0,7700000.0,1810000000.0,486200000.0,1323800000.0,73700000.0,2111900000.0,,509800000.0,126100000.0,383700000.0,,71800000.0,602600000.0,37800000.0,154200000.0,410600000.0,4610900000.0,2756100000.0,,129700000.0,,11200000.0,11200000.0,73500000.0,,1156200000.0,199900000.0,956300000.0,1252700000.0,-791500000.0,2044200000.0,187600000.0,231900000.0,1456000000.0,168700000.0,,0.0,1854800000.0,66800000.0,153000000.0,,76000000.0,361900000.0,50000000.0,277800000.0,-14000000.0,291800000.0,904800000.0,904800000.0,-291123000.0,0.21,-1408400000.0,-49700000.0,-1386300000.0,-1803000000.0,279400000.0,3945500000.0,-1458100000.0,-1737500000.0,-62100000.0,73500000.0,15700000.0,628777000.0,-1803000000.0,4322000000.0,508991711.0,504993024.0,-3.37,-3.37,-1803000000.0,-1803000000.0,0.0,-1803000000.0,0.0,-1803000000.0,-1803000000.0,-8000000.0,-1811000000.0,-1386300000.0,49700000.0,49700000.0,-62100000.0,4300000.0,73500000.0,15700000.0,-350400000.0,376500000.0,,,,,376500000.0,376500000.0,26100000.0,3945500000.0,3971600000.0,3971600000.0,,,,36800000.0,,33200000.0,-8000000.0,6000000.0,,325700000.0,,,7200000.0,,45300000.0,,,,,,,-79400000.0,87800000.0,3200000.0,,-64500000.0,49700000.0,903600000.0,51000000.0,,46800000.0,26700000.0,4300000.0,,,8200000.0,5600000.0,,69800000.0,294300000.0,610500000.0,-1736700000.0,,,,,,,,,,,,,,,,,,,,,,,,,,,,,,,,,,,,,,,,,,,,,,,,,,,,,,,,,,,,,,,,,,,,,,,,,,,,,,,,,,,,,,,,
BAESY,2022-12-31,0.40461156396042885,2146000000.0,-788000000.0,-400000000.0,0.0,-693000000.0,3107000000.0,2917000000.0,106000000.0,84000000.0,-2333000000.0,328000000.0,-269000000.0,-802000000.0,-802000000.0,-788000000.0,-788000000.0,-400000000.0,-400000000.0,-400000000.0,0.0,-422000000.0,-1000000.0,-8000000.0,-38000000.0,124000000.0,-162000000.0,-94000000.0,-94000000.0,-581000000.0,-599000000.0,2839000000.0,-365000000.0,,323000000.0,1485000000.0,,-93000000.0,240000000.0,764000000.0,215000000.0,549000000.0,524000000.0,-3000000.0,1674000000.0,220086959.0,3077731383.0,3297818342.0,2137000000.0,6805000000.0,-1429000000.0,16404000000.0,788000000.0,-1429000000.0,1616000000.0,11215000000.0,16404000000.0,11400000000.0,185000000.0,11215000000.0,,,2930000000.0,82000000.0,82000000.0,20062000000.0,10216000000.0,28000000.0,5000000.0,6564000000.0,1375000000.0,5189000000.0,338000000.0,9846000000.0,39000000.0,241000000.0,241000000.0,0.0,,249000000.0,2319000000.0,1301000000.0,179000000.0,839000000.0,31462000000.0,20828000000.0,201000000.0,338000000.0,,99000000.0,99000000.0,787000000.0,,12644000000.0,825000000.0,11819000000.0,4660000000.0,-4056000000.0,8716000000.0,,,4146000000.0,1400000000.0,3170000000.0,0.0,10634000000.0,509000000.0,976000000.0,,69000000.0,3812000000.0,462000000.0,1506000000.0,-20000000.0,1526000000.0,3052000000.0,3052000000.0,77443438.914027,0.158371,2570000000.0,489000000.0,489000000.0,1591000000.0,764000000.0,7094000000.0,3059000000.0,2295000000.0,-275000000.0,306000000.0,35000000.0,1179443438.914027,1591000000.0,19147000000.0,778000000.0,778000000.0,2.02,2.044,1591000000.0,1591000000.0,0.0,1591000000.0,-83000000.0,1674000000.0,1674000000.0,315000000.0,1989000000.0,81000000.0,-100000000.0,16000000.0,-275000000.0,4000000.0,306000000.0,35000000.0,2111000000.0,12053000000.0,3899000000.0,764000000.0,215000000.0,549000000.0,,,14164000000.0,7094000000.0,21258000000.0,21258000000.0,,,32000000.0,94000000.0,,18000000.0,315000000.0,-403000000.0,357000000.0,651000000.0,,,372000000.0,,,4000000.0,,3000000.0,,,7000000.0,,-1069000000.0,101000000.0,-62000000.0,1000000.0,-93000000.0,1260000000.0,272000000.0,1951000000.0,1625000000.0,,322000000.0,,,252000000.0,,55000000.0,535000000.0,,,2384000000.0,,,,166000000.0,,,,,63000000.0,,,,,10000000.0,50000000.0,,,,,,,,,,,,,,,,,,,,,,,,,,,,,,,,,,,,,,,,,,,,,,,,,,,,,,,,,,,,,,,,,,,,,,,,,
BAESY,2021-12-31,0.4765247654605609,1835000000.0,-368000000.0,-367000000.0,0.0,-612000000.0,2917000000.0,2667000000.0,-7000000.0,257000000.0,-2256000000.0,-78000000.0,-247000000.0,-777000000.0,-777000000.0,-368000000.0,-368000000.0,-367000000.0,-367000000.0,-367000000.0,0.0,66000000.0,-15000000.0,-15000000.0,182000000.0,215000000.0,-33000000.0,-96000000.0,-96000000.0,-245000000.0,-516000000.0,2447000000.0,-234000000.0,,49000000.0,-615000000.0,,54000000.0,269000000.0,701000000.0,188000000.0,513000000.0,-35000000.0,-192000000.0,1912000000.0,236807031.0,3167360140.0,3404167171.0,2227000000.0,6356000000.0,-4280000000.0,12497000000.0,122000000.0,-4280000000.0,1295000000.0,7436000000.0,12040000000.0,7668000000.0,232000000.0,7436000000.0,,,212000000.0,85000000.0,85000000.0,19467000000.0,10771000000.0,22000000.0,77000000.0,5687000000.0,1083000000.0,4604000000.0,331000000.0,8696000000.0,,669000000.0,212000000.0,457000000.0,,276000000.0,2070000000.0,1149000000.0,224000000.0,697000000.0,27135000000.0,18317000000.0,70000000.0,622000000.0,76000000.0,76000000.0,76000000.0,554000000.0,85000000.0,11716000000.0,806000000.0,10910000000.0,3943000000.0,-3658000000.0,7601000000.0,,,3772000000.0,1075000000.0,2754000000.0,0.0,8818000000.0,444000000.0,811000000.0,,67000000.0,2908000000.0,490000000.0,1043000000.0,-15000000.0,1058000000.0,2834000000.0,2834000000.0,21600000.0,0.18,3005000000.0,120000000.0,120000000.0,1758000000.0,701000000.0,6961000000.0,3125000000.0,2424000000.0,-287000000.0,314000000.0,30000000.0,1659600000.0,1758000000.0,17622000000.0,802750000.0,796750000.0,2.188,2.208,1758000000.0,1758000000.0,0.0,1758000000.0,-154000000.0,1912000000.0,1912000000.0,198000000.0,2110000000.0,147000000.0,-156000000.0,-10000000.0,-287000000.0,3000000.0,314000000.0,30000000.0,1899000000.0,10661000000.0,3390000000.0,701000000.0,188000000.0,513000000.0,,,12560000000.0,6961000000.0,19521000000.0,19521000000.0,,,23000000.0,57000000.0,,271000000.0,198000000.0,-129000000.0,375000000.0,2607000000.0,,,312000000.0,,,10000000.0,,19000000.0,,,0.0,,610000000.0,92000000.0,-66000000.0,-18000000.0,,1257000000.0,302000000.0,1327000000.0,859000000.0,,305000000.0,,469000000.0,194000000.0,,83000000.0,432000000.0,,,2389000000.0,,,,160000000.0,,,,,67000000.0,,0.0,,,10000000.0,43000000.0,,,,,,,,,,,,,,,,,,,,,,,,,,,,,,,,,,,,,,,,,,,,,,,,,,,,,,,,,,,,,,,,,,,,,,,,,
BAESY,2020-12-31,0.14563544354399682,,,,,,,,,,,,,,,,,,,,,,19000000.0,0.0,,5000000.0,,,,,,,,,,,,,,,,,,,,,,,,,,,,,,,,,,,,,,,,,,,,,,,,,,,,,,,,,,,,,,,,,,,82000000.0,,,,,,,,,,,,,,,,,,,,,,,,,,,,,,,,,,,,,,,,,,,,,,,,,,,,,,,,,,,,,,,,,,,,,,,,,27000000.0,27000000.0,,,0.0,,,,,,,,,,,,13000000.0,,,,19000000.0,,,,,,5000000.0,,,,,344000000.0,,,327000000.0,,,109000000.0,,,,,,,,,,,-1396000000.0,,,,94000000.0,,,,,,,,,,,,,,,,,,,,,,,,,,,,,,,,,,,,,,,,,,,,,,,,,,,,,,,,,,,,,,,,,,,,,,,,,,,,,
IVSO.ST,2022-12-31,0.1749707555120248,8200000.0,,-20000000.0,0.0,-33500000.0,127100000.0,134800000.0,9200000.0,-16900000.0,-25100000.0,,,-31200000.0,,36000000.0,,-20000000.0,-20000000.0,-20000000.0,0.0,-33500000.0,-100000.0,-100000.0,0.0,,0.0,0.0,,-9600000.0,-9600000.0,41700000.0,-19000000.0,,-59200000.0,26700000.0,,-13900000.0,,47800000.0,,47800000.0,-300000.0,4100000.0,62500000.0,,45048694.0,45048694.0,,89800000.0,270900000.0,574900000.0,316700000.0,270900000.0,24800000.0,509900000.0,554900000.0,509900000.0,,509900000.0,,,60100000.0,45000000.0,45000000.0,290000000.0,95700000.0,,34600000.0,61100000.0,16100000.0,45000000.0,,194300000.0,2200000.0,28700000.0,8700000.0,20000000.0,,6900000.0,85400000.0,,19200000.0,66200000.0,799900000.0,288900000.0,2700000.0,3600000.0,,,,,,239000000.0,182800000.0,56200000.0,43700000.0,-61600000.0,105300000.0,,105300000.0,51600000.0,,,,511000000.0,38400000.0,144400000.0,,110400000.0,1800000.0,4900000.0,194400000.0,-500000.0,194900000.0,127100000.0,127100000.0,0.0,0.288,117100000.0,,,44500000.0,47800000.0,325700000.0,117100000.0,69300000.0,-2700000.0,6800000.0,4100000.0,44500000.0,44500000.0,710200000.0,45158000.0,44838000.0,0.99,0.99,44500000.0,44500000.0,0.0,44500000.0,,44500000.0,44500000.0,18000000.0,62500000.0,,,,-2700000.0,,6800000.0,4100000.0,65200000.0,384500000.0,,,,,275300000.0,81900000.0,449700000.0,325700000.0,775500000.0,775500000.0,36000000.0,36000000.0,,,,,,,,,-100000.0,,34000000.0,,,,,,193400000.0,,,,-81900000.0,4500000.0,1100000.0,,,334200000.0,,,,,,,,,,,,,,65200000.0,109200000.0,,,100000.0,-23900000.0,,,,,,,,9900000.0,,,,,,,,,,,,,,,,,,,,,,,,,,,,,,,,,,,,,,,,,,,,,,,,,,,,,,,,,,,,,,,,,,,,,,,,,,,
IVSO.ST,2021-12-31,0.009009632128155198,72400000.0,,-15000000.0,100000000.0,-18600000.0,134800000.0,157700000.0,5000000.0,-27900000.0,73000000.0,,,-30900000.0,,26900000.0,,85000000.0,85000000.0,-15000000.0,100000000.0,-191900000.0,-100000.0,-100000.0,-185600000.0,,-185600000.0,12500000.0,,-3700000.0,-3700000.0,91000000.0,-9000000.0,,28800000.0,-7100000.0,,21500000.0,,45100000.0,,45100000.0,-900000.0,0.0,23500000.0,,44540494.0,44540494.0,,119300000.0,181000000.0,502500000.0,251500000.0,181000000.0,34300000.0,417500000.0,482500000.0,417500000.0,,417500000.0,,,42300000.0,44500000.0,44500000.0,272500000.0,126900000.0,,35500000.0,91500000.0,26500000.0,65000000.0,,145600000.0,4400000.0,27800000.0,7800000.0,20000000.0,,5300000.0,60900000.0,,16600000.0,44300000.0,690000000.0,292900000.0,2400000.0,3200000.0,,,,,,236500000.0,182000000.0,54500000.0,50900000.0,-41500000.0,92400000.0,,92400000.0,40500000.0,,,,397100000.0,21100000.0,117500000.0,,93200000.0,3000000.0,3200000.0,117600000.0,-400000.0,118000000.0,134800000.0,134800000.0,0.0,0.384,71000000.0,,,14500000.0,45100000.0,252600000.0,71000000.0,25900000.0,-1300000.0,2400000.0,1100000.0,14500000.0,14500000.0,568200000.0,45060000.0,44358000.0,0.32,0.33,14500000.0,14500000.0,0.0,14500000.0,,14500000.0,14500000.0,9000000.0,23500000.0,,,,-1300000.0,,2400000.0,1100000.0,24800000.0,315600000.0,,,,,224700000.0,76500000.0,340400000.0,252600000.0,593000000.0,593000000.0,26900000.0,26900000.0,,,,,,,-100000.0,,-100000.0,,24300000.0,,,,,,148200000.0,,,,17200000.0,3900000.0,-400000.0,,,298700000.0,,,,,,,,,,,,,,24900000.0,90900000.0,,,-100000.0,-14900000.0,,,,,-100000.0,,,-2800000.0,,,,,,,,,,,,,,,,,,,,,,,,,,,,,,,,,,,,,,,,,,,,,,,,,,,,,,,,,,,,,,,,,,,,,,,,,,,
IVSO.ST,2020-12-31,-0.34253291691166865,,,0.0,0.0,,,,,,,100000.0,,,,,,,,0.0,0.0,,,,0.0,,0.0,0.0,,,,,,,,6700000.0,,,,12700000.0,,12700000.0,7800000.0,,,,,,,,,378900000.0,,,,,,,,,,,54700000.0,44100000.0,44100000.0,,,,,,,0.0,,,,,,0.0,,4900000.0,,,5700000.0,,,,,,,,,,,,,,,-25600000.0,,,,,,,,,6600000.0,,,106800000.0,,4900000.0,,-1100000.0,103300000.0,,,,,,,,,,,,,,12200000.0,1700000.0,,,,44781000.0,44098000.0,1.37,1.39,,,,,,,,,,,,,,,12200000.0,1700000.0,,,,,,,157500000.0,50500000.0,,,,,,,,,,,,,,,,,8900000.0,,,,,,107000000.0,,,,,3500000.0,0.0,,,272300000.0,,,,,,,,,,,,,,,56100000.0,,,,,,,,,,,,,,,,,,,,,,,,,,,,,,,,,,,,,,,,,,,,,,,,,,,,,,,,,,,,,,,,,,,,,,,,,,,,,,,,,,,,,,,
NSKFF,2022-12-31,0.45315606887738014,28000000.0,-483000000.0,0.0,0.0,-1078000000.0,3932000000.0,8118000000.0,54000000.0,-4239000000.0,-4002000000.0,21000000.0,-296000000.0,-2736000000.0,,-583000000.0,-483000000.0,0.0,0.0,0.0,0.0,-1343000000.0,-43000000.0,-44000000.0,-595000000.0,6000000.0,-601000000.0,,,-622000000.0,-678000000.0,1106000000.0,-414000000.0,,-3081000000.0,,,-1187000000.0,221000000.0,1292000000.0,356000000.0,936000000.0,-21000000.0,,2809000000.0,693610.0,176619462.0,177313072.0,,4398000000.0,7754000000.0,15988000000.0,2808000000.0,7754000000.0,1945000000.0,13535000000.0,15538000000.0,13744000000.0,209000000.0,13535000000.0,1000000.0,,6911000000.0,5930000000.0,5930000000.0,29481000000.0,5384000000.0,,1112000000.0,3529000000.0,1526000000.0,2003000000.0,115000000.0,24097000000.0,,869000000.0,419000000.0,450000000.0,852000000.0,1563000000.0,3960000000.0,421000000.0,1017000000.0,2522000000.0,43225000000.0,16320000000.0,1000000.0,235000000.0,,238000000.0,,3868000000.0,,5781000000.0,2095000000.0,3686000000.0,5850000000.0,-6352000000.0,12202000000.0,422000000.0,1873000000.0,2815000000.0,6681000000.0,411000000.0,0.0,26905000000.0,,5493000000.0,,1605000000.0,8927000000.0,,6957000000.0,-445000000.0,7402000000.0,3932000000.0,3932000000.0,-4334000.0,0.197,5112000000.0,-22000000.0,-22000000.0,2773000000.0,1292000000.0,11210000000.0,5090000000.0,3798000000.0,-221000000.0,301000000.0,124000000.0,2790666000.0,2773000000.0,28472000000.0,177370000.0,177370000.0,15.64,15.64,2773000000.0,2773000000.0,0.0,2773000000.0,-37000000.0,2809000000.0,2809000000.0,687000000.0,3497000000.0,-22000000.0,,,-221000000.0,44000000.0,301000000.0,124000000.0,3331000000.0,17262000000.0,4752000000.0,1270000000.0,352000000.0,918000000.0,,,20593000000.0,11210000000.0,31803000000.0,31803000000.0,-583000000.0,-583000000.0,124000000.0,201000000.0,,56000000.0,687000000.0,,75000000.0,553000000.0,342000000.0,,746000000.0,,,,,22000000.0,,,1000000.0,,-4991000000.0,,,,0.0,,,,,,,238000000.0,,1596000000.0,,,3142000000.0,3932000000.0,,,,-1000000.0,,-1000000.0,-400000000.0,,3150000000.0,,,,,,449000000.0,,,,,,,,,,,,,,,,,,,,,,,,,,,,,,,,,,,,,,,,,,,,,,,,,,,,,,,,,,,,,,,,,,,,,,,,,,,
NSKFF,2021-12-31,0.5526526410134194,4179000000.0,-91000000.0,-1521000000.0,500000000.0,-791000000.0,8118000000.0,7420000000.0,-84000000.0,782000000.0,-3419000000.0,15000000.0,-208000000.0,-1440000000.0,,-408000000.0,-91000000.0,-1021000000.0,-1021000000.0,-1521000000.0,500000000.0,-769000000.0,-155000000.0,-155000000.0,-38000000.0,47000000.0,-85000000.0,,,-555000000.0,-576000000.0,4970000000.0,-366000000.0,,1249000000.0,,,-174000000.0,185000000.0,1223000000.0,342000000.0,881000000.0,,,2290000000.0,613987.0,178219459.0,178833446.0,,4330000000.0,8431000000.0,15920000000.0,5460000000.0,8431000000.0,1880000000.0,13470000000.0,15920000000.0,13619000000.0,149000000.0,13470000000.0,1000000.0,,7079000000.0,5932000000.0,5932000000.0,25691000000.0,6527000000.0,,1281000000.0,3950000000.0,1500000000.0,2450000000.0,121000000.0,19164000000.0,-1000000.0,380000000.0,380000000.0,0.0,768000000.0,1596000000.0,3125000000.0,297000000.0,494000000.0,2334000000.0,39310000000.0,14686000000.0,2000000.0,248000000.0,,66000000.0,,3609000000.0,,5039000000.0,1900000000.0,3139000000.0,5617000000.0,-5611000000.0,11228000000.0,300000000.0,1845000000.0,2644000000.0,6053000000.0,386000000.0,0.0,24624000000.0,,4306000000.0,,1428000000.0,7138000000.0,,4518000000.0,-414000000.0,4932000000.0,8118000000.0,8118000000.0,-2376000.0,0.216,4376000000.0,-11000000.0,-11000000.0,2159000000.0,1223000000.0,9577000000.0,4365000000.0,3142000000.0,-205000000.0,220000000.0,45000000.0,2167624000.0,2159000000.0,24575000000.0,179020000.0,179020000.0,12.06,12.06,2159000000.0,2159000000.0,0.0,2159000000.0,-131000000.0,2290000000.0,2290000000.0,632000000.0,2922000000.0,-11000000.0,,,-205000000.0,30000000.0,220000000.0,45000000.0,2874000000.0,14998000000.0,3810000000.0,1213000000.0,341000000.0,872000000.0,,,17872000000.0,9577000000.0,27449000000.0,27449000000.0,-408000000.0,-408000000.0,45000000.0,147000000.0,,21000000.0,632000000.0,,71000000.0,1104000000.0,79000000.0,,508000000.0,,,,,11000000.0,,,,,-863000000.0,,,,,,,,,,,66000000.0,,545000000.0,,,2370000000.0,8118000000.0,,,,,,2000000.0,-215000000.0,,2170000000.0,,,-1000000.0,,0.0,404000000.0,,,,,,,,,,,,,,,,,,,,,,,,,,,,,,,,,,,,,,,,,,,,,,,,,,,,,,,,,,,,,,,,,,,,,,,,,,,
NSKFF,2020-12-31,0.9594399230677682,,-51000000.0,,,,,,,,,59000000.0,,,,,-51000000.0,,,,,,,,,,,-224000000.0,-224000000.0,,,,,,,,,,,,,,,,,,,,,,,,,,,,,,,,,,,,,,,,,,,,,,,,,,,,,,,,,,,,,,,,,,,,,,,,,,,,,,,,,,,,,,,,,,,,,,,,,,,,,,,,,,,,,,,,,,,,,,,,,,,,,,,,,,,,,,,,,,,,,,,,,,,,,,,,,,,,,,,,,,,-1431000000.0,,,,,,,,,,,,,,,,,,,,,,,,,,,,,,,,,,,,,,,,,,,,,,,,,,,,,,,,,,,,,,,,,,,,,,,,,,,,,,,,,,,,,,,,,,,,,,,,,,,,,,,
GMAB,2022-12-31,-0.25187971980260737,3595000000.0,-908000000.0,-73000000.0,,-317000000.0,9893000000.0,8957000000.0,574000000.0,362000000.0,-789000000.0,-88000000.0,,,,-908000000.0,-908000000.0,-73000000.0,-73000000.0,-73000000.0,,-2761000000.0,-2444000000.0,-9698000000.0,0.0,,0.0,0.0,0.0,-317000000.0,-317000000.0,3912000000.0,-1583000000.0,283000000.0,-1840000000.0,283000000.0,,0.0,-285000000.0,362000000.0,140000000.0,222000000.0,-1051000000.0,,6945000000.0,589948.0,65371625.0,65961573.0,,597000000.0,27136000000.0,27282000000.0,26395000000.0,27136000000.0,597000000.0,27282000000.0,27282000000.0,27282000000.0,,27282000000.0,,,14809000000.0,66000000.0,66000000.0,2837000000.0,1014000000.0,11000000.0,,523000000.0,523000000.0,,,1823000000.0,,74000000.0,74000000.0,,,,1716000000.0,1716000000.0,0.0,,30119000000.0,1901000000.0,,252000000.0,66000000.0,67000000.0,67000000.0,,,146000000.0,146000000.0,,1322000000.0,-495000000.0,1817000000.0,233000000.0,523000000.0,649000000.0,523000000.0,,0.0,28218000000.0,,0.0,,0.0,,182000000.0,5712000000.0,,,22324000000.0,9893000000.0,84485097.192225,0.214975,6953000000.0,393000000.0,393000000.0,5452000000.0,362000000.0,0.0,7346000000.0,6984000000.0,285000000.0,39000000.0,324000000.0,5143485097.192225,5452000000.0,8238000000.0,660096040.0,653873010.0,8.259,8.338,5452000000.0,5452000000.0,,5452000000.0,,5452000000.0,5452000000.0,1493000000.0,6945000000.0,0.0,,0.0,285000000.0,,39000000.0,324000000.0,6267000000.0,8238000000.0,,,,,2676000000.0,,14505000000.0,0.0,14505000000.0,13687000000.0,,,,,,,,658000000.0,,,,,0.0,12431000000.0,,,,,,,7254000000.0,-16000000.0,-2123000000.0,439000000.0,,,,12309000000.0,,480000000.0,,252000000.0,,,,,,,0.0,,,6267000000.0,5562000000.0,,,,,,,,,,,,,,,-789000000.0,280000000.0,-2761000000.0,3912000000.0,,283000000.0,0.0,362000000.0,140000000.0,-393000000.0,98000000.0,98000000.0,98000000.0,480000000.0,33000000.0,33000000.0,1716000000.0,0.0,48000000.0,133000000.0,67000000.0,412000000.0,0.0,5894000000.0,393000000.0,,393000000.0,,,,,,,,,,,,,,,,,,,,,,,,,,,,,,,,,,,,,,,,,,,,,,
GMAB,2021-12-31,0.06322128497683055,1976000000.0,-447000000.0,-58000000.0,,-252000000.0,8957000000.0,7260000000.0,850000000.0,847000000.0,-420000000.0,-50000000.0,,,,-447000000.0,-447000000.0,-58000000.0,-58000000.0,-58000000.0,,-961000000.0,-709000000.0,-15616000000.0,,,,0.0,0.0,-252000000.0,-252000000.0,2228000000.0,-742000000.0,208000000.0,-705000000.0,304000000.0,,0.0,-216000000.0,248000000.0,,248000000.0,-1470000000.0,,3918000000.0,288325.0,65718456.0,66006781.0,,425000000.0,21942000000.0,22196000000.0,21168000000.0,21942000000.0,425000000.0,22196000000.0,22196000000.0,22196000000.0,,22196000000.0,,,10020000000.0,66000000.0,66000000.0,2431000000.0,863000000.0,13000000.0,,363000000.0,363000000.0,,13000000.0,1568000000.0,,62000000.0,62000000.0,,296000000.0,,1480000000.0,1480000000.0,,350000000.0,24627000000.0,1891000000.0,,264000000.0,27000000.0,344000000.0,344000000.0,,,254000000.0,254000000.0,,975000000.0,-368000000.0,1343000000.0,52000000.0,354000000.0,537000000.0,354000000.0,,0.0,22736000000.0,,,,,,31000000.0,3367000000.0,,,19338000000.0,8957000000.0,191562276.671771,0.245278,3398000000.0,781000000.0,781000000.0,2957000000.0,248000000.0,0.0,4179000000.0,3931000000.0,184000000.0,13000000.0,197000000.0,2367562276.671771,2957000000.0,5464000000.0,660457510.0,656343000.0,4.554,4.6,2957000000.0,2957000000.0,,2957000000.0,,2957000000.0,2957000000.0,961000000.0,3918000000.0,,,,184000000.0,,13000000.0,197000000.0,2953000000.0,5464000000.0,,,,,1283000000.0,,8417000000.0,0.0,8417000000.0,7886000000.0,0.0,0.0,,,,,,689000000.0,,,,,,10381000000.0,,,,,,,14907000000.0,-12000000.0,-1009000000.0,310000000.0,,,,12029000000.0,,487000000.0,,264000000.0,,,,,,,,,,2953000000.0,4181000000.0,,,,,,,,,,,,,,,-420000000.0,135000000.0,-961000000.0,2228000000.0,,304000000.0,,248000000.0,,-781000000.0,81000000.0,81000000.0,,487000000.0,26000000.0,26000000.0,1480000000.0,,27000000.0,371000000.0,,400000000.0,,3398000000.0,781000000.0,,781000000.0,,,,,,,,,,,,,,,,,,,,,,,,,,,,,,,,,,,,,,,,,,,,,,
GMAB,2020-12-31,-0.02705357792053964,,,,,,,,,,,,,,,,,,,,,,,,,,,,,,,,,,,,,,,,,,,,,,,,,,,,,,,,,,,,,,,,,,,,,,,,4000000.0,,,,,,134000000.0,,,,0.0,145000000.0,,,,,14000000.0,,1067000000.0,,,,,,,,,,,,,,,,,,,,,,,,,,,,,,,,,,,,,,,,,,,,,,,,,,,,,,,,,,,,,,,,,,,,,,661000000.0,,,,,0.0,0.0,,,,,,,,,,,,,,,,,,,,,,,,,,,,,,,,,,,,,,,,,,,,,,,,,,,,,,,,,,,,513000000.0,,,,,,,54000000.0,,,,,,0.0,,,,,,,,793000000.0,,661000000.0,,,,,,,,,,,,,,,,,,,,,,,,,,,,,,,,,,,,,,,,,,,,,
GN.CO,2022-12-31,0.07140627697170476,-1041000000.0,0.0,0.0,3560000000.0,-1668000000.0,990000000.0,6208000000.0,-14000000.0,-5204000000.0,3344000000.0,-30000000.0,,-208000000.0,,22000000.0,0.0,3560000000.0,1835000000.0,0.0,1835000000.0,-9175000000.0,,,-7257000000.0,0.0,-7257000000.0,-1454000000.0,-1459000000.0,-209000000.0,-209000000.0,627000000.0,-185000000.0,146000000.0,-1293000000.0,132000000.0,,-1032000000.0,,1534000000.0,,1534000000.0,,,1111000000.0,9220261.0,127973117.0,137193378.0,14892000000.0,16253000000.0,-10746000000.0,22682000000.0,-2368000000.0,-10746000000.0,371000000.0,6800000000.0,16666000000.0,6800000000.0,,6800000000.0,,,10514000000.0,549000000.0,549000000.0,23789000000.0,12055000000.0,,915000000.0,10128000000.0,262000000.0,9866000000.0,138000000.0,11734000000.0,3606000000.0,6125000000.0,109000000.0,6016000000.0,,223000000.0,1780000000.0,,226000000.0,1554000000.0,30589000000.0,21223000000.0,262000000.0,491000000.0,,,,456000000.0,456000000.0,17546000000.0,5976000000.0,11570000000.0,1255000000.0,-1778000000.0,3033000000.0,14000000.0,830000000.0,958000000.0,1231000000.0,,0.0,9366000000.0,,3516000000.0,,2754000000.0,722000000.0,107000000.0,4031000000.0,-174000000.0,4205000000.0,990000000.0,990000000.0,-78110000.0,0.214,2810000000.0,-365000000.0,-365000000.0,511000000.0,1534000000.0,9555000000.0,2445000000.0,911000000.0,-138000000.0,186000000.0,7000000.0,797890000.0,511000000.0,17567000000.0,128126000.0,127823000.0,3.99,4.0,511000000.0,511000000.0,0.0,511000000.0,-59000000.0,570000000.0,570000000.0,155000000.0,725000000.0,-9000000.0,9000000.0,,-138000000.0,-41000000.0,186000000.0,7000000.0,1120000000.0,8012000000.0,17000000.0,440000000.0,440000000.0,0.0,6150000000.0,1587000000.0,9132000000.0,9555000000.0,18687000000.0,18687000000.0,22000000.0,22000000.0,,,5000000.0,,,,867000000.0,7000000.0,157000000.0,,27000000.0,,,,,,4563000000.0,,,-744000000.0,-393000000.0,111000000.0,-44000000.0,,-9000000.0,,,,354000000.0,,,,,,,,735000000.0,,,1111000000.0,1405000000.0,,,-255000000.0,,,,,,,,,,,,,,,,,,,,,,,,,,,,,,,,,,,,,,,,1725000000.0,,1725000000.0,,,,,,,,,,,,,,,,,,,,,,,,,,,,,,,,,,,,,,,,,,
GN.CO,2021-12-31,-0.6096341326727964,588000000.0,-1166000000.0,-139000000.0,5551000000.0,-1524000000.0,6208000000.0,1657000000.0,16000000.0,4535000000.0,4187000000.0,-30000000.0,,-188000000.0,,-1007000000.0,-1166000000.0,5412000000.0,4995000000.0,-139000000.0,5134000000.0,-1764000000.0,,,-354000000.0,0.0,-354000000.0,-1063000000.0,-1067000000.0,-457000000.0,-457000000.0,2112000000.0,-571000000.0,101000000.0,-710000000.0,37000000.0,,-137000000.0,,1192000000.0,,1192000000.0,,,2397000000.0,10457899.0,127718083.0,138175982.0,4920000000.0,11566000000.0,-2107000000.0,17357000000.0,5833000000.0,-2107000000.0,438000000.0,6229000000.0,15742000000.0,6229000000.0,,6229000000.0,214000000.0,,10291000000.0,553000000.0,553000000.0,17323000000.0,11181000000.0,,402000000.0,9824000000.0,311000000.0,9513000000.0,221000000.0,6142000000.0,2704000000.0,1742000000.0,127000000.0,1615000000.0,,344000000.0,1352000000.0,,72000000.0,1280000000.0,23552000000.0,11577000000.0,210000000.0,389000000.0,,,,383000000.0,383000000.0,8336000000.0,2914000000.0,5422000000.0,1300000000.0,-1616000000.0,2916000000.0,18000000.0,752000000.0,923000000.0,1223000000.0,,0.0,11975000000.0,,1929000000.0,-19000000.0,1253000000.0,468000000.0,77000000.0,3293000000.0,-181000000.0,3474000000.0,6208000000.0,6208000000.0,-26500000.0,0.212,3679000000.0,-125000000.0,-125000000.0,1756000000.0,1192000000.0,7093000000.0,3554000000.0,2362000000.0,-45000000.0,91000000.0,2000000.0,1854500000.0,1756000000.0,13382000000.0,130194000.0,128816000.0,13.49,13.63,1756000000.0,1756000000.0,0.0,1756000000.0,-34000000.0,1790000000.0,1790000000.0,481000000.0,2271000000.0,4000000.0,-4000000.0,,-45000000.0,-44000000.0,91000000.0,2000000.0,2393000000.0,6289000000.0,-15000000.0,226000000.0,226000000.0,0.0,4689000000.0,1205000000.0,8682000000.0,7093000000.0,15775000000.0,15775000000.0,159000000.0,159000000.0,,,4000000.0,,,,727000000.0,7000000.0,59000000.0,,35000000.0,,,,,,3484000000.0,,,-320000000.0,-610000000.0,50000000.0,-16000000.0,,-11000000.0,,,,371000000.0,,,,,,,,660000000.0,,,2397000000.0,1389000000.0,,,110000000.0,,,,,,,,,,,,,,,,,,,,,,,,,,,,,,,,,,,,,,,,417000000.0,0.0,417000000.0,,,,,,,,,,,,,,,,,,,,,,,,,,,,,,,,,,,,,,,,,,
GN.CO,2020-12-31,-0.1532109092390187,,-453000000.0,,,,,,,,,,,-187000000.0,-187000000.0,,-453000000.0,,,,,,,,,,,,,,,,,,,,,,,,,,,,,,,,,,,,,,,,,,,,206000000.0,,,,,,,,,,,,,,,,,,,,,,,,,,,,,,,,,,,,,,,,,,,,,,,,,,,,,,,,,,,,,,,,,,,,,,,,,,,,,,,,,,,,,,,,,,,,,,,,,,,,,,,,,,,,,,,,,,,,,,,,,,,,,,,,,,,,,,,,,,,,,,,,,,,,,,,,,,,,,,,,,,,,,,,,,,,,,,,,,,,,,,,,,,,,,,,-855000000.0,0.0,,,,,,,,,,,,,,,,,,,,,,,,,,,,,,,,,,,,,,,,,,
NVDA,2023-01-31,2.1506520509290517,3808000000.0,-10039000000.0,0.0,0.0,-1833000000.0,3389000000.0,1990000000.0,,1399000000.0,-11617000000.0,-1535000000.0,,-398000000.0,-398000000.0,-10039000000.0,-10039000000.0,0.0,0.0,0.0,0.0,7375000000.0,9257000000.0,-11982000000.0,-49000000.0,,-49000000.0,,,-1833000000.0,-1833000000.0,5641000000.0,,,-2207000000.0,-551000000.0,-1517000000.0,-2554000000.0,1346000000.0,1544000000.0,699000000.0,844000000.0,,,4368000000.0,,24661365720.0,24661365720.0,7564000000.0,12031000000.0,16053000000.0,33054000000.0,16510000000.0,16053000000.0,1078000000.0,22101000000.0,31804000000.0,22101000000.0,,22101000000.0,,,10171000000.0,2000000.0,2000000.0,19081000000.0,12518000000.0,1385000000.0,247000000.0,10605000000.0,902000000.0,9703000000.0,,6563000000.0,69000000.0,1426000000.0,176000000.0,1250000000.0,,108000000.0,1660000000.0,,467000000.0,1193000000.0,41182000000.0,18109000000.0,3376000000.0,3396000000.0,299000000.0,,,,,6048000000.0,1676000000.0,4372000000.0,4845000000.0,-2694000000.0,7539000000.0,382000000.0,1038000000.0,4303000000.0,1598000000.0,218000000.0,0.0,23073000000.0,,5159000000.0,,2263000000.0,,,3827000000.0,,,13296000000.0,3389000000.0,-284130000.0,0.21,7340000000.0,-1353000000.0,-1353000000.0,4368000000.0,1544000000.0,11618000000.0,5987000000.0,4443000000.0,5000000.0,262000000.0,267000000.0,5436870000.0,4368000000.0,21397000000.0,25070000000.0,24870000000.0,0.17,0.18,4368000000.0,4368000000.0,,4368000000.0,,4368000000.0,4368000000.0,-187000000.0,4181000000.0,-1353000000.0,,1353000000.0,5000000.0,,262000000.0,267000000.0,5577000000.0,9779000000.0,,,,,2440000000.0,,15356000000.0,11618000000.0,26974000000.0,26974000000.0,,,,,,,-2164000000.0,45000000.0,63000000.0,,145000000.0,,466000000.0,9907000000.0,,-48000000.0,,,,,21239000000.0,,822000000.0,2709000000.0,,,,11971000000.0,,218000000.0,,3396000000.0,,,,,,,2430000000.0,,,4224000000.0,7339000000.0,,,,,,,,,791000000.0,,,252000000.0,,,-11617000000.0,355000000.0,7375000000.0,5641000000.0,,790000000.0,,1544000000.0,699000000.0,45000000.0,-43000000.0,-43000000.0,,465000000.0,354000000.0,354000000.0,4606000000.0,,,299000000.0,,,,3827000000.0,-1401000000.0,,,,,,,254000000.0,1404000000.0,1341000000.0,-551000000.0,822000000.0,-2164000000.0,0.0,,1250000000.0,2946000000.0,,,,,,,,,,,,,,,,,,,,,,,,,,,,,,,,
NVDA,2022-01-31,-0.20136927787907222,8132000000.0,0.0,-1000000000.0,4977000000.0,-976000000.0,1990000000.0,847000000.0,,1143000000.0,1865000000.0,-1994000000.0,,-399000000.0,-399000000.0,0.0,0.0,3977000000.0,3977000000.0,-1000000000.0,4977000000.0,-9830000000.0,-8591000000.0,-24811000000.0,-263000000.0,,-263000000.0,,,-976000000.0,-976000000.0,9108000000.0,,,-3363000000.0,568000000.0,-1715000000.0,-774000000.0,47000000.0,1174000000.0,563000000.0,611000000.0,,,9752000000.0,,25060000000.0,25060000000.0,8956000000.0,11831000000.0,19924000000.0,37558000000.0,24494000000.0,19924000000.0,885000000.0,26612000000.0,37558000000.0,26612000000.0,,26612000000.0,,0.0,16235000000.0,3000000.0,3000000.0,17575000000.0,13240000000.0,1057000000.0,245000000.0,11687000000.0,741000000.0,10946000000.0,,4335000000.0,371000000.0,144000000.0,144000000.0,,,,1915000000.0,,132000000.0,1783000000.0,44187000000.0,15358000000.0,3509000000.0,1222000000.0,266000000.0,,,,,6688000000.0,2339000000.0,4349000000.0,3607000000.0,-1903000000.0,5510000000.0,737000000.0,829000000.0,2852000000.0,874000000.0,218000000.0,0.0,28829000000.0,366000000.0,2605000000.0,,1122000000.0,,,4650000000.0,,,21208000000.0,1990000000.0,0.0,0.019,11351000000.0,0.0,0.0,9752000000.0,1174000000.0,9439000000.0,11351000000.0,10177000000.0,-207000000.0,236000000.0,29000000.0,9752000000.0,9752000000.0,16873000000.0,25350000000.0,24960000000.0,0.385,0.391,9752000000.0,9752000000.0,,9752000000.0,,9752000000.0,9752000000.0,189000000.0,9941000000.0,0.0,,0.0,-207000000.0,,236000000.0,29000000.0,10041000000.0,7434000000.0,,,,,2166000000.0,,17475000000.0,9439000000.0,26914000000.0,26914000000.0,,,,,,,-406000000.0,-100000000.0,49000000.0,,66000000.0,,692000000.0,19218000000.0,,107000000.0,,,,,16220000000.0,,-2215000000.0,2004000000.0,,,,10385000000.0,,202000000.0,,1222000000.0,,,,,,,791000000.0,,,10041000000.0,5268000000.0,,,,,,,,,366000000.0,,,192000000.0,,,1865000000.0,281000000.0,-9830000000.0,9108000000.0,,1149000000.0,,1174000000.0,563000000.0,-100000000.0,-11000000.0,-11000000.0,,447000000.0,300000000.0,300000000.0,3520000000.0,,,266000000.0,,,,4650000000.0,107000000.0,,,,,,,246000000.0,396000000.0,581000000.0,568000000.0,-2215000000.0,-406000000.0,0.0,,,1605000000.0,,,,,,,,,,,,,,,,,,,,,,,,,,,,,,,,
NVDA,2021-01-31,0.7515858043630381,,,,4968000000.0,,,,,,,,,,,,,,,,4968000000.0,,,,,,,,,,,,,,,,,,,,612000000.0,486000000.0,,,,13800000000.0,,,6116000000.0,,,,,,,,,,,,,10756000000.0,,,,,,,,,,,,,,,,999000000.0,,,,,,,,,,,144000000.0,,,,,,,,,,,,,,,,,,239000000.0,,,,,,,-21000000.0,2450000000.0,,,,,,,,,,,,,,,,,,,,,,,,,,,,,,,,,,,,,,,,,,,,,,,,,,,,,,,,,,,,,,,,,,,,,,,,,,,,,,,,,,,,,,,,,,,,,,,,,-1128000000.0,,,,,,,,,,,,,,,163000000.0,,,,612000000.0,,,,,,,,,,,,,385000000.0,,,,,,,,,,,,,,,,,33000000.0,999000000.0,,74000000.0,,,,,,,,,,,,,,,,,,,,,,,,,,,,,,,
LLY,2022-12-31,0.6039172444809138,4600400000.0,-1500000000.0,-1560000000.0,0.0,-2985300000.0,2067000000.0,3818500000.0,-167600000.0,-1583900000.0,-5406700000.0,-308900000.0,,-3535800000.0,-3535800000.0,-1500000000.0,-1500000000.0,-62000000.0,-1560000000.0,-1560000000.0,0.0,-3762900000.0,-244000000.0,-707600000.0,-327200000.0,,-327200000.0,-1035200000.0,-1131000000.0,-1854300000.0,-1854300000.0,7585700000.0,,,-800000.0,1692000000.0,-793500000.0,-599700000.0,1369800000.0,1522500000.0,,,,-156500000.0,6244800000.0,450000.0,950182000.0,950632000.0,14171600000.0,16238600000.0,-629800000.0,26888400000.0,896300000.0,-629800000.0,,10649800000.0,25387300000.0,10775400000.0,125600000.0,10649800000.0,-3013200000.0,50500000.0,10042600000.0,594100000.0,594100000.0,38714400000.0,21576200000.0,3709600000.0,87300000.0,14737500000.0,,14737500000.0,,17138200000.0,2845400000.0,1501100000.0,,1501100000.0,1059800000.0,,2947800000.0,,475100000.0,1930600000.0,49489800000.0,31455300000.0,,2792900000.0,,1642300000.0,1428400000.0,1259500000.0,,11279600000.0,7206600000.0,4073000000.0,10144000000.0,-10233400000.0,20377400000.0,2798600000.0,9406300000.0,,7915900000.0,256600000.0,0.0,18034500000.0,2946800000.0,4309700000.0,,901200000.0,1662900000.0,,6896000000.0,-16000000.0,6912000000.0,2211800000.0,2067000000.0,-129795400.0,0.083,10224300000.0,-1563800000.0,-1563800000.0,6244800000.0,1522500000.0,6629800000.0,8660500000.0,7138000000.0,-268800000.0,331600000.0,62800000.0,7678804600.0,6244800000.0,19888100000.0,950182000.0,950182000.0,6.572215,6.572215,6244800000.0,6244800000.0,,6244800000.0,,6244800000.0,6244800000.0,561600000.0,6806400000.0,-1153100000.0,908500000.0,23000000.0,-268800000.0,,331600000.0,62800000.0,8653300000.0,13258300000.0,,,,,6067500000.0,6067500000.0,21911600000.0,6629800000.0,28541400000.0,28541400000.0,,,,,95800000.0,,-2185200000.0,,1824000000.0,1305100000.0,4337000000.0,,2597700000.0,144800000.0,,-14300000.0,244600000.0,,,,463600000.0,,-299600000.0,371100000.0,,,,6921400000.0,,,,2792900000.0,,,,,,,801900000.0,657400000.0,1409600000.0,,7190800000.0,,,-302200000.0,,,-793500000.0,213900000.0,,7300000.0,,,,,,-5406700000.0,,-3762900000.0,7585700000.0,,1692000000.0,,1522500000.0,,263500000.0,-3844600000.0,-3844600000.0,,87300000.0,,,11731900000.0,475100000.0,,2901800000.0,,,8900000.0,8558900000.0,-1578100000.0,,-410700000.0,6440400000.0,1498000000.0,,,,,,1692000000.0,,-2185200000.0,,1305100000.0,,8784100000.0,,346600000.0,346600000.0,1017200000.0,,-372900000.0,,,,,,,,,,,,,,,,,,,,,,,,,,
LLY,2021-12-31,0.3375657706535815,5387500000.0,-1250000000.0,-1905400000.0,2410800000.0,-1978400000.0,3818500000.0,3657100000.0,-205700000.0,367100000.0,-4131300000.0,-295900000.0,,-3086800000.0,-3086800000.0,-1250000000.0,-1250000000.0,501400000.0,505400000.0,-1905400000.0,2410800000.0,-2867500000.0,-166000000.0,-1013400000.0,-747400000.0,0.0,-747400000.0,-452600000.0,-668600000.0,-1309800000.0,-1309800000.0,7365900000.0,,,-1012600000.0,-1013800000.0,,-235900000.0,1697500000.0,1547600000.0,,,,-216000000.0,5581700000.0,463000.0,953653000.0,954116000.0,13066200000.0,16884700000.0,-2604700000.0,25863900000.0,3399700000.0,-2604700000.0,,8979200000.0,24325600000.0,9154800000.0,175600000.0,8979200000.0,-3013200000.0,52700000.0,8958500000.0,596300000.0,596300000.0,39651200000.0,24598500000.0,3920000000.0,1733700000.0,15346400000.0,,15346400000.0,,15052700000.0,3027500000.0,1538300000.0,,1538300000.0,958100000.0,,2683000000.0,,126900000.0,1670600000.0,48806000000.0,30353600000.0,,2489300000.0,,,,,,11583900000.0,7691900000.0,3892000000.0,8985100000.0,-9976700000.0,18961800000.0,2177800000.0,8937200000.0,,7588100000.0,258700000.0,0.0,18452400000.0,2530600000.0,3886000000.0,,761900000.0,1454400000.0,,6672800000.0,-22500000.0,6695300000.0,3908600000.0,3818500000.0,-140848500.0,0.093,9557400000.0,-1514500000.0,-1514500000.0,5581700000.0,1547600000.0,7312800000.0,8042900000.0,6495300000.0,-314400000.0,339800000.0,25400000.0,6955351500.0,5581700000.0,20385400000.0,953653000.0,953653000.0,5.852967,5.852967,5581700000.0,5581700000.0,,5581700000.0,,5581700000.0,5581700000.0,573800000.0,6155500000.0,-1691400000.0,1375300000.0,13000000.0,-314400000.0,,339800000.0,25400000.0,7933000000.0,13072600000.0,,,,,6141900000.0,6141900000.0,21005600000.0,7312800000.0,28318400000.0,28318400000.0,,,,,216000000.0,,-802300000.0,,1644300000.0,1954100000.0,4082700000.0,,2372700000.0,90100000.0,,51400000.0,303100000.0,,,,847400000.0,,-1278300000.0,342800000.0,,,0.0,6833400000.0,,,,2489300000.0,,,,,,,717200000.0,2379500000.0,1439000000.0,,6930700000.0,,,-191700000.0,,,1515400000.0,,,2530600000.0,,0.0,,,,-4131300000.0,,-2867500000.0,7365900000.0,,-1013800000.0,,1547600000.0,,11200000.0,-4343100000.0,-4343100000.0,,1733700000.0,,,9528800000.0,126900000.0,,3212600000.0,,,34200000.0,8127200000.0,-1463100000.0,,176900000.0,6431600000.0,-4000000.0,,,,,,-1013800000.0,,-802300000.0,,1954100000.0,,6845800000.0,,-359700000.0,-359700000.0,885500000.0,0.0,-289700000.0,,,,,,,,,,,,,,,,,,,,,,,,,,
LLY,2020-12-31,0.6607812745160888,,,,,,,,,,,,,,,,,,,,,,,,,0.0,,,,,,,,,,,,,,,,,,,,,,,,,,,,,,,,,,,,,,,,,,,2099900000.0,,,,,,,,,,,,,,495100000.0,,,,,,,,,,,,,,,,,,,8560900000.0,,,,,,,,,,,,,,,,,,,,,,,,,,,,,,,,,,,,,,,,,,,,,,,151200000.0,,,,,,,,,,,,,,,,,,,,,,,,,,,,,,,,,,131200000.0,,,,,,,,,0.0,,,,,,,,,,,,,2097900000.0,1559200000.0,,,,,,,,-457100000.0,,,,,0.0,,,,,,,,,,,,,,,,,2099900000.0,,,,495100000.0,,,,,,,,,,,,,,,,,,,,,,,,,322000000.0,322000000.0,,0.0,,,,,,,,,,,,,,,,,,,,,,,,,,,
DANSKE.CO,2022-12-31,0.3745330096839856,-110743000000.0,,-30590000000.0,20052000000.0,-1386000000.0,232531000000.0,362997000000.0,-3322000000.0,-127144000000.0,-18437000000.0,-5419000000.0,-164000000.0,-1705000000.0,-1705000000.0,,,-10538000000.0,-10538000000.0,-30590000000.0,20052000000.0,650000000.0,,,2032000000.0,,,-560000000.0,-560000000.0,-822000000.0,-826000000.0,-109357000000.0,-3025000000.0,,-126094000000.0,,,,-168000000.0,4706000000.0,,4706000000.0,,,-1697000000.0,11237849.0,850946772.0,862184621.0,852360000000.0,1053562000000.0,154233000000.0,1211097000000.0,,154233000000.0,,160278000000.0,1211097000000.0,160278000000.0,,160278000000.0,,,155812000000.0,8622000000.0,8622000000.0,3630278000000.0,,,,1053562000000.0,,,,,,,,,,,45560000000.0,,2103000000.0,43457000000.0,3790556000000.0,,,,,992961000000.0,334741000000.0,536000000.0,536000000.0,6045000000.0,1618000000.0,4427000000.0,10201000000.0,,10201000000.0,,10201000000.0,,,,,,17048000000.0,,,,,5199000000.0,,,,,198459000000.0,-3361380000.0,0.22,,-15279000000.0,-15279000000.0,-4580000000.0,4706000000.0,,,,25351000000.0,24634000000.0,49985000000.0,8964620000.0,-4580000000.0,,862922306.0,858331842.0,-5.4,-5.4,-4666000000.0,-4666000000.0,86000000.0,-4580000000.0,,-4580000000.0,-4580000000.0,2883000000.0,-1697000000.0,-15279000000.0,13290000000.0,321000000.0,,,,,,28980000000.0,888000000.0,5388000000.0,,5388000000.0,9738000000.0,9738000000.0,,,44054000000.0,44054000000.0,,,,,,4000000.0,,,,,,,,,,,,41000000.0,,,,,,,16929000000.0,,,,435141000000.0,,1486000000.0,,,19421000000.0,,,,,,,6630000000.0,,,,,,,,61653000000.0,,146000000.0,,,,,,,,,,,,,,,,,,,,,,,,,,993497000000.0,208676000000.0,,,2256000000.0,,,,,,,,,,,,,,,,,,,,,,,,446211000000.0,,,,,,,,,,,,,,,,,,,,,,,,,
DANSKE.CO,2021-12-31,0.23711599258237892,-39133000000.0,,-10027000000.0,14454000000.0,-1571000000.0,362997000000.0,400889000000.0,2634000000.0,-40526000000.0,-1401000000.0,-3000000000.0,-466000000.0,-1708000000.0,-1708000000.0,,,4427000000.0,4427000000.0,-10027000000.0,14454000000.0,-1563000000.0,,,0.0,,,-885000000.0,-885000000.0,-678000000.0,-686000000.0,-37562000000.0,-2459000000.0,,-56590000000.0,,,,74000000.0,4876000000.0,,4876000000.0,,,16571000000.0,8832178.0,853352443.0,862184621.0,841265000000.0,1171982000000.0,167885000000.0,1344777000000.0,,167885000000.0,,176704000000.0,1344777000000.0,176704000000.0,,176704000000.0,5497000000.0,,161439000000.0,8622000000.0,8622000000.0,3759130000000.0,,,,1171982000000.0,,,,,,,,,,,46679000000.0,,1864000000.0,44815000000.0,3935834000000.0,,,,,890022000000.0,342671000000.0,206000000.0,206000000.0,8819000000.0,2688000000.0,6131000000.0,12505000000.0,,12505000000.0,,12505000000.0,,,,,,18558000000.0,,,,,4510000000.0,,,,,326808000000.0,40906000.0,0.226,,181000000.0,181000000.0,12920000000.0,4876000000.0,,,,26773000000.0,30904000000.0,57677000000.0,12779906000.0,12920000000.0,,853974744.0,853352805.0,14.6,14.6,12469000000.0,12469000000.0,451000000.0,12920000000.0,,12920000000.0,12920000000.0,3651000000.0,16571000000.0,181000000.0,-180000000.0,-37000000.0,,,,,,30823000000.0,1972000000.0,5969000000.0,,5969000000.0,8704000000.0,8704000000.0,,,47358000000.0,47358000000.0,,,,,,8000000.0,,,,,,,,,,,,36000000.0,,,,,,,141000000.0,,,,242004000000.0,,2451000000.0,,,37760000000.0,,,,,,,6765000000.0,,,,,,,,42387000000.0,,2263000000.0,,,,,,,,,,,,,,,,,,,,,,,,,,890228000000.0,249367000000.0,,,3450000000.0,,,,,,,,,,,,,,,,,,,,,,,,580762000000.0,,,,,,,,,,,,,,,,,,,,,,,,,
DANSKE.CO,2020-12-31,0.14085474192580638,,,,,,,,,,,-5600000000.0,-625000000.0,,,,,,,,,,,,,,,,,,,,,,,,,,,,,,,,,,,,,,,,,,,,,,,,8508000000.0,,,,,,,,,,,,,,,,,,,,,,,,,,,,,,,,,,,,,,,,,,,,,,,,,,,,,,,,,,,,,,,,,,,,,,,,,,,,,,,551000000.0,,,,,,,,,,,,,,,,,,,,,,,,,,,,,,,12000000.0,,,,,,,,,,,,,,,,,,,,,,,,,,,,,,,,,,,,,,,,,,,,131628000000.0,,,,,,,,,,,,,,,,,,,,,,,,,,,,,,,,,,,,,,,,,,,,,,,,,,,,,,,,-551000000.0,48284000000.0,,,,,,,,,,,,,,,,,,,,,,,
CARL-B.CO,2022-12-31,-0.05740702165860723,8931000000.0,-4400000000.0,-5583000000.0,4878000000.0,-4018000000.0,8163000000.0,8344000000.0,-683000000.0,1696000000.0,-9959000000.0,-1042000000.0,,-3389000000.0,,-4400000000.0,-4400000000.0,-705000000.0,-1875000000.0,-5583000000.0,3708000000.0,-3065000000.0,-20000000.0,,-48000000.0,,,,,-3604000000.0,-4018000000.0,12949000000.0,-2103000000.0,213000000.0,1443000000.0,3545000000.0,,-1271000000.0,16000000.0,4187000000.0,,4187000000.0,,-79000000.0,11470000000.0,4515385.0,137341421.0,141856806.0,18890000000.0,28646000000.0,-17321000000.0,58955000000.0,-14498000000.0,-17321000000.0,1593000000.0,31902000000.0,53564000000.0,34722000000.0,2820000000.0,31902000000.0,,,70776000000.0,2837000000.0,2837000000.0,80619000000.0,31872000000.0,,4841000000.0,22865000000.0,1203000000.0,21662000000.0,2304000000.0,48747000000.0,15130000000.0,5781000000.0,390000000.0,5391000000.0,,807000000.0,22929000000.0,,1012000000.0,21917000000.0,115341000000.0,81092000000.0,,1731000000.0,,,,5523000000.0,5523000000.0,49223000000.0,10770000000.0,38453000000.0,23679000000.0,-34816000000.0,58495000000.0,,,40692000000.0,,,17803000000.0,34249000000.0,964000000.0,5718000000.0,,3041000000.0,2747000000.0,214000000.0,4825000000.0,-613000000.0,5438000000.0,8163000000.0,8163000000.0,-126195000.0,0.179,14851000000.0,-5000000.0,-705000000.0,7012000000.0,4187000000.0,38198000000.0,14846000000.0,10659000000.0,-506000000.0,698000000.0,340000000.0,8290805000.0,-1063000000.0,59775000000.0,140203000.0,139835000.0,-7.6,-7.6,-1063000000.0,-1063000000.0,0.0,-1063000000.0,-1171000000.0,108000000.0,8183000000.0,1778000000.0,9961000000.0,-705000000.0,-306000000.0,168000000.0,-506000000.0,148000000.0,698000000.0,340000000.0,10490000000.0,21577000000.0,-254000000.0,,,,21566000000.0,4229000000.0,32067000000.0,38198000000.0,70265000000.0,70265000000.0,,,,282000000.0,,414000000.0,,,305000000.0,1557000000.0,,,344000000.0,,,-27000000.0,69000000.0,74000000.0,17337000000.0,,,-1223000000.0,-727000000.0,97000000.0,,,,,,,,,,,,,,,2333000000.0,,,11470000000.0,107000000.0,-1194000000.0,1771000000.0,196000000.0,,,-32000000.0,,,,11618000000.0,-8075000000.0,,,,,,,,,,,,,,,,,,,,,,,,,,,,,,,,1170000000.0,0.0,1170000000.0,,,,,,,,,,,,,,,,,,,,2000000.0,2000000.0,,,,,,,,,,,,,,,,,,,,,
CARL-B.CO,2021-12-31,-0.15782251405391534,8375000000.0,-3600000000.0,-1217000000.0,14000000.0,-3903000000.0,8344000000.0,7958000000.0,458000000.0,-72000000.0,-8945000000.0,-550000000.0,,-3187000000.0,,-3600000000.0,-3600000000.0,-1203000000.0,-1001000000.0,-1001000000.0,0.0,-4067000000.0,0.0,,-669000000.0,,,,,-3646000000.0,-3903000000.0,12278000000.0,-1883000000.0,68000000.0,1349000000.0,4078000000.0,,-539000000.0,-23000000.0,4238000000.0,,4238000000.0,,-77000000.0,10129000000.0,3364518.0,141892288.0,145256806.0,19191000000.0,28922000000.0,-22978000000.0,73032000000.0,-20191000000.0,-22978000000.0,1387000000.0,45497000000.0,67240000000.0,48756000000.0,3259000000.0,45497000000.0,,,80283000000.0,2905000000.0,2905000000.0,77627000000.0,34345000000.0,,6350000000.0,22755000000.0,1012000000.0,21743000000.0,2446000000.0,43282000000.0,14181000000.0,6167000000.0,375000000.0,5792000000.0,,942000000.0,21992000000.0,,1350000000.0,20642000000.0,126383000000.0,103292000000.0,,1922000000.0,,,,5172000000.0,5172000000.0,68475000000.0,15991000000.0,52484000000.0,26648000000.0,-39192000000.0,65840000000.0,,15729000000.0,46001000000.0,,,19839000000.0,23091000000.0,929000000.0,5391000000.0,,2747000000.0,2607000000.0,171000000.0,5458000000.0,,,8344000000.0,8344000000.0,235458000.0,0.206,14188000000.0,1143000000.0,1143000000.0,7130000000.0,4238000000.0,31528000000.0,15331000000.0,11093000000.0,-696000000.0,646000000.0,189000000.0,6222458000.0,6846000000.0,50381000000.0,144299000.0,143848000.0,47.4,47.6,6846000000.0,6846000000.0,0.0,6846000000.0,-1163000000.0,8009000000.0,8293000000.0,2154000000.0,10447000000.0,1143000000.0,-1388000000.0,447000000.0,-696000000.0,239000000.0,646000000.0,189000000.0,9716000000.0,18853000000.0,-1238000000.0,,,,18851000000.0,3979000000.0,28569000000.0,31528000000.0,60097000000.0,60097000000.0,,,,291000000.0,,257000000.0,,,449000000.0,2345000000.0,,,333000000.0,,,,-202000000.0,0.0,14872000000.0,,,-916000000.0,-1982000000.0,82000000.0,,,,,,,,,,,-1000000.0,,,,2311000000.0,,,10129000000.0,95000000.0,,662000000.0,-189000000.0,,,-4000000.0,,,,191000000.0,-284000000.0,,,,,,,,,,,,,,,,,,,,,,,,,,,,,,,,-202000000.0,-216000000.0,14000000.0,,,,,,,,,,,,,,,,,,,,-2000000.0,,-2000000.0,,,,,,,,,,,,,,,,,,,,
CARL-B.CO,2020-12-31,0.18410605194478658,,,,,,,,,,,,,,-3093000000.0,,,,,,,,,,,,,,,,,,,,,,,,,,,,,,,,,,,,,,,,,,,,,,,,,,,,,1486000000.0,,,,,,,,,,,,,,,,,,,,,,,,,,,,,,,,,15614000000.0,,,,,,,,,,,,,,,,,,,,,,,,,,,,,,,,,,,,,,,,,,,,,,,,,,,,,,,-586000000.0,,,,,,,,,,,,,,,,,,,,,,,,,-69000000.0,,,,,,,,,,,,,,,,,,,-3000000.0,,,,,,,,,,,,-4396000000.0,,,,,,,,,,,,,,,,,,,,,,,,,,,,,,,,,,,,,,,,-3264000000.0,,,,,,,,,,,,,,,,,,,,,,,,,,,,,,,,,,,,,,,,,,,
MAERSK-B.CO,2022-12-31,-0.1004954928817049,30313000000.0,-2738000000.0,-800000000.0,83000000.0,-4163000000.0,10037000000.0,11565000000.0,-249000000.0,-1278000000.0,-14135000000.0,283000000.0,-989000000.0,-6847000000.0,,-2707000000.0,-2738000000.0,-717000000.0,-717000000.0,-800000000.0,83000000.0,-21619000000.0,-13518000000.0,-13518000000.0,-4568000000.0,252000000.0,-4820000000.0,-3860000000.0,-4163000000.0,,,34476000000.0,-801000000.0,,-1808000000.0,,,,110000000.0,5960000000.0,365000000.0,5595000000.0,,,30860000000.0,1089274.0,17617887.0,18707161.0,,15643000000.0,50795000000.0,68020000000.0,26742000000.0,50795000000.0,11614000000.0,63991000000.0,67765000000.0,65032000000.0,1041000000.0,63991000000.0,,,,3392000000.0,3392000000.0,28648000000.0,15327000000.0,560000000.0,883000000.0,12356000000.0,8582000000.0,3774000000.0,842000000.0,13321000000.0,,3287000000.0,3032000000.0,255000000.0,,777000000.0,9069000000.0,1696000000.0,569000000.0,6804000000.0,93680000000.0,53617000000.0,,399000000.0,,377000000.0,377000000.0,2018000000.0,1246000000.0,13196000000.0,7991000000.0,5205000000.0,36750000000.0,-31010000000.0,67760000000.0,2296000000.0,2212000000.0,63252000000.0,,,,40063000000.0,1245000000.0,1604000000.0,,,18746000000.0,231000000.0,6971000000.0,-265000000.0,7236000000.0,10999000000.0,10057000000.0,-7860000.0,0.03,37219000000.0,-262000000.0,-262000000.0,29198000000.0,5960000000.0,50210000000.0,36957000000.0,30997000000.0,-330000000.0,766000000.0,436000000.0,29452140000.0,29198000000.0,50848000000.0,18307758.0,18250236.0,1595.0,1600.0,29198000000.0,29198000000.0,0.0,29198000000.0,-123000000.0,29321000000.0,29321000000.0,910000000.0,30231000000.0,36000000.0,-101000000.0,54000000.0,-330000000.0,,766000000.0,436000000.0,30681000000.0,638000000.0,153000000.0,,,,,,31319000000.0,50210000000.0,81529000000.0,81529000000.0,31000000.0,31000000.0,,327000000.0,303000000.0,,,-101000000.0,,191000000.0,,,,942000000.0,1539000000.0,,11000000.0,,,,31000000.0,,-1018000000.0,,,162000000.0,,,495000000.0,,134000000.0,,10000000.0,,772000000.0,198000000.0,,,,,10057000000.0,,,-1000000.0,,,,,-790000000.0,,,,69000000.0,,,,,,,,,,,,,,,,,,,,,,,,,,,,,,,,,,,,,,,,,,,,,,,,,,,,,,,,,,,,,,,,,,,,,,,,,,,,,
MAERSK-B.CO,2021-12-31,-0.25345532289023964,19046000000.0,-1956000000.0,-2497000000.0,563000000.0,-2976000000.0,11537000000.0,5864000000.0,-79000000.0,5780000000.0,-7900000000.0,129000000.0,-774000000.0,-1017000000.0,,-1934000000.0,-1956000000.0,-1934000000.0,-1934000000.0,-2497000000.0,563000000.0,-8342000000.0,-4966000000.0,-4966000000.0,-887000000.0,11000000.0,-898000000.0,-2771000000.0,-2976000000.0,,,22022000000.0,-582000000.0,,-1610000000.0,,,,63000000.0,4944000000.0,,4944000000.0,,,19674000000.0,670081.0,18705935.0,19376016.0,,15335000000.0,36189000000.0,49292000000.0,13709000000.0,36189000000.0,10551000000.0,44508000000.0,48823000000.0,45588000000.0,1080000000.0,44508000000.0,,,,3513000000.0,3513000000.0,26683000000.0,14590000000.0,478000000.0,520000000.0,12468000000.0,8153000000.0,4315000000.0,692000000.0,12093000000.0,,2867000000.0,2398000000.0,469000000.0,,779000000.0,7998000000.0,1333000000.0,424000000.0,6241000000.0,72271000000.0,46469000000.0,,356000000.0,,318000000.0,318000000.0,2421000000.0,1117000000.0,8319000000.0,6758000000.0,1561000000.0,34659000000.0,-29624000000.0,64283000000.0,1177000000.0,1220000000.0,61886000000.0,,,,25802000000.0,542000000.0,1457000000.0,,,5905000000.0,221000000.0,5403000000.0,-205000000.0,5608000000.0,11835000000.0,11832000000.0,-4921000.0,0.037,24615000000.0,-133000000.0,-133000000.0,17942000000.0,4944000000.0,41974000000.0,24482000000.0,19538000000.0,-756000000.0,808000000.0,52000000.0,18070079000.0,17942000000.0,42666000000.0,19130315.0,19070067.0,938.0,941.0,17942000000.0,17942000000.0,0.0,17942000000.0,-91000000.0,18033000000.0,18033000000.0,697000000.0,18730000000.0,53000000.0,-96000000.0,26000000.0,-756000000.0,-3000000.0,808000000.0,52000000.0,19121000000.0,692000000.0,169000000.0,,,,,,19813000000.0,41974000000.0,61787000000.0,61787000000.0,22000000.0,22000000.0,,282000000.0,205000000.0,,,-96000000.0,,215000000.0,,,,3000000.0,1617000000.0,19000000.0,17000000.0,,,,8000000.0,,-1909000000.0,,,115000000.0,,,217000000.0,,148000000.0,,33000000.0,,1304000000.0,40000000.0,,,,,11832000000.0,,,-28000000.0,,,,,299000000.0,,,,399000000.0,0.0,,,,,,,,,,,,,,,,,,,,,,,,,,,,,,,,,,,,,,,,,,,,,,,,,,,,,,,,,,,,,,,,,,,,,,,,,,,,
MAERSK-B.CO,2020-12-31,0.7670162766737065,,,,,,,,,,,,,,-430000000.0,,,,,,,,,,,,,,,,,,,,,,,,,,,,,,,,,,761000000.0,,,,,,,,,,,,,,,,,,,,,,,,,,,,,,,,,,,,,,,,,,,,,,,,,,,,,,,,,,,,,,,,,,,,,,,,,,,,,,,,,,,,,,,,,,,,,,,,,,,,,,,,,,,,,,,,,,,,,,,,,,,,,,,,,,1000000.0,,18000000.0,,,,,82000000.0,,,,,,,,,,,,,,,,,,,,,,,-19000000.0,0.0,,-1322000000.0,,,,,,,0.0,,,,,,,,,,,,,,,,,,,,,,,,,,,,,,,,,,,,,,,,,,,,,,,,,,,,,,,,,,,,,,,,,,,,,,,,,,,,
RBREW.CO,2022-12-31,-0.07337928320415021,633000000.0,-300000000.0,-1594000000.0,2450000000.0,-502000000.0,214000000.0,86000000.0,-11000000.0,139000000.0,-252000000.0,,,-692000000.0,-692000000.0,-300000000.0,-300000000.0,856000000.0,856000000.0,-1594000000.0,2450000000.0,-744000000.0,,,-275000000.0,,-275000000.0,-27000000.0,-27000000.0,-469000000.0,-475000000.0,1135000000.0,-304000000.0,3000000.0,-480000000.0,,,,93000000.0,487000000.0,74000000.0,413000000.0,,-6000000.0,1491000000.0,576952.0,49623048.0,50200000.0,4460000000.0,4674000000.0,-2400000000.0,9832000000.0,-1552000000.0,-2400000000.0,,5158000000.0,8844000000.0,5158000000.0,0.0,5158000000.0,,,2763000000.0,100000000.0,100000000.0,9316000000.0,4706000000.0,9000000.0,1011000000.0,3686000000.0,,3686000000.0,,4610000000.0,,988000000.0,,988000000.0,,11000000.0,3506000000.0,712000000.0,860000000.0,1934000000.0,14474000000.0,11416000000.0,,,,9000000.0,,99000000.0,99000000.0,7558000000.0,3573000000.0,3985000000.0,3680000000.0,-3932000000.0,7612000000.0,192000000.0,597000000.0,4448000000.0,,,2375000000.0,3058000000.0,131000000.0,1213000000.0,,774000000.0,140000000.0,,1360000000.0,-63000000.0,1423000000.0,214000000.0,214000000.0,59400000.0,0.165,1972000000.0,360000000.0,360000000.0,1492000000.0,487000000.0,6618000000.0,2332000000.0,1845000000.0,-76000000.0,60000000.0,3000000.0,1191400000.0,1492000000.0,9971000000.0,48956652.0,48886875.0,30.5,30.5,1492000000.0,1492000000.0,0.0,1492000000.0,1000000.0,1491000000.0,1491000000.0,294000000.0,1785000000.0,0.0,,,-76000000.0,19000000.0,60000000.0,3000000.0,1516000000.0,3353000000.0,,,,,3353000000.0,427000000.0,4869000000.0,6618000000.0,11487000000.0,11487000000.0,0.0,0.0,,27000000.0,,6000000.0,294000000.0,,,,1000000.0,,40000000.0,,,,,,2926000000.0,,,-81000000.0,,0.0,,,,1573000000.0,,,,,,9000000.0,,,,,399000000.0,,,,,,,,,,,,,,,,,,,,,,,,,,,,,,,,,,,,,,,,,,,,,,,,,,,,,,,,,,,,,,,,,,,,,,,,,,,,,,,,,,,,,,,,,,,
RBREW.CO,2021-12-31,-0.31220731054604955,1327000000.0,-582000000.0,-92000000.0,1253000000.0,-426000000.0,86000000.0,81000000.0,2000000.0,3000000.0,-146000000.0,,,-653000000.0,-653000000.0,-582000000.0,-582000000.0,1161000000.0,1161000000.0,-92000000.0,1253000000.0,-1604000000.0,,,-1218000000.0,,-1218000000.0,3000000.0,0.0,-410000000.0,-426000000.0,1753000000.0,-332000000.0,7000000.0,104000000.0,,,,42000000.0,381000000.0,42000000.0,339000000.0,,-13000000.0,1298000000.0,880874.0,47919126.0,48800000.0,3536000000.0,3622000000.0,-2531000000.0,6952000000.0,-1658000000.0,-2531000000.0,,3330000000.0,6328000000.0,3342000000.0,12000000.0,3330000000.0,,,1805000000.0,98000000.0,98000000.0,7572000000.0,3771000000.0,26000000.0,747000000.0,2998000000.0,,2998000000.0,,3801000000.0,,624000000.0,,624000000.0,,11000000.0,3057000000.0,572000000.0,764000000.0,1721000000.0,10914000000.0,8771000000.0,,,,14000000.0,,153000000.0,153000000.0,5861000000.0,2830000000.0,3031000000.0,2734000000.0,-3695000000.0,6429000000.0,254000000.0,430000000.0,3816000000.0,,,1929000000.0,2143000000.0,89000000.0,780000000.0,,492000000.0,65000000.0,,1123000000.0,-50000000.0,1173000000.0,86000000.0,86000000.0,-1908000.0,0.212,2072000000.0,-9000000.0,-9000000.0,1299000000.0,381000000.0,4490000000.0,2063000000.0,1682000000.0,-36000000.0,35000000.0,0.0,1306092000.0,1299000000.0,7094000000.0,48344203.0,48344203.0,26.5,26.5,1299000000.0,1299000000.0,0.0,1299000000.0,1000000.0,1298000000.0,1298000000.0,349000000.0,1647000000.0,,,,-36000000.0,1000000.0,35000000.0,0.0,1652000000.0,2604000000.0,,,,,2604000000.0,415000000.0,4256000000.0,4490000000.0,8746000000.0,8746000000.0,,,,21000000.0,3000000.0,16000000.0,349000000.0,,,,1000000.0,,26000000.0,,,,,,2189000000.0,,,-50000000.0,,4000000.0,,,,753000000.0,,,,,,14000000.0,,,,,262000000.0,,,,,,,,,,,,,,,,,,,,,,,,,,,,,,,,,,,,,,,,,,,,,,,1161000000.0,-92000000.0,1253000000.0,,,,,,,,,,,,,,,,,,,,,,,,,,,,,,,,,,,,,,,,,,
RBREW.CO,2020-12-31,0.06187017366482106,,-362000000.0,,,,,,,,,,,,,-362000000.0,-362000000.0,,,,,,,,,,,,,,,,,,,,,,,,,,,,,,,,,,,,,,,,,,24000000.0,,666000000.0,,,,,,,52000000.0,,,,,,,,,,,,,,,,,,,,,,,,,,,,,,,,,,,,,,,,,,,,,,,,,,,,,,,,,,,,,,,,,,49108026.0,49108026.0,24.1,24.1,,,,,-15000000.0,,,,,,,,,,,,,,,,,,,,,,,,0.0,0.0,,,0.0,,,,,,,,,,,,,,,,,,,,,,,,,,,,,,,,,,,,,,,,,,,,,,,,,,,,,,,,,,,,,,,,,,,,,,,,,,,,,,,,,-430000000.0,-579000000.0,149000000.0,,,,,,,,,,,,,,,,,,,,,,,,,,,,,,,,,,,,,,,,,,
ISS.CO,2022-12-31,-0.11587058201531941,2524000000.0,,0.0,,-809000000.0,5214000000.0,3428000000.0,-71000000.0,1857000000.0,-930000000.0,-65000000.0,,,,,,0.0,0.0,0.0,,-546000000.0,-29000000.0,-29000000.0,262000000.0,587000000.0,-325000000.0,-779000000.0,-809000000.0,,,3333000000.0,-422000000.0,87000000.0,-221000000.0,1387000000.0,,-61000000.0,-51000000.0,1517000000.0,,1517000000.0,,,2860000000.0,938343.0,184729883.0,185668226.0,,16800000000.0,-13764000000.0,10156000000.0,924000000.0,-13764000000.0,,10156000000.0,10156000000.0,10815000000.0,659000000.0,10156000000.0,390000000.0,185000000.0,10920000000.0,185000000.0,185000000.0,36190000000.0,18773000000.0,,1178000000.0,15945000000.0,,,465000000.0,17417000000.0,649000000.0,855000000.0,,,,606000000.0,8795000000.0,,1843000000.0,6952000000.0,47005000000.0,28664000000.0,,912000000.0,,512000000.0,512000000.0,,,23920000000.0,3470000000.0,20450000000.0,3320000000.0,-4731000000.0,8051000000.0,,3982000000.0,1412000000.0,2657000000.0,,0.0,18341000000.0,392000000.0,231000000.0,,,1149000000.0,173000000.0,10996000000.0,-124000000.0,11120000000.0,5318000000.0,5214000000.0,33327000.0,0.161,4246000000.0,207000000.0,207000000.0,2037000000.0,1517000000.0,6485000000.0,4453000000.0,2936000000.0,-473000000.0,416000000.0,67000000.0,1863327000.0,2058000000.0,70989000000.0,187243000.0,184730000.0,11.0,11.1,2058000000.0,2058000000.0,0.0,2058000000.0,-78000000.0,2136000000.0,2115000000.0,405000000.0,2520000000.0,207000000.0,-218000000.0,11000000.0,-473000000.0,124000000.0,416000000.0,67000000.0,2849000000.0,64504000000.0,16744000000.0,1484000000.0,69000000.0,1415000000.0,,,67353000000.0,6485000000.0,73838000000.0,73838000000.0,,,,,30000000.0,,,,,1185000000.0,,,,104000000.0,,-14000000.0,,,,,,-486000000.0,-882000000.0,80000000.0,,,,,,,,,,,,50000000.0,,,,,,2904000000.0,,,,,,,,,,,32000000.0,21000000.0,,,,,,,,,,,,,,,,,,,,,,,,,,,,,,,,,,,,,,,,,,,,,,,,,,,,,,,,,,,,,,,,,,,,,,,,,,,,
ISS.CO,2021-12-31,0.17839993879500393,2593000000.0,,-1577000000.0,,-628000000.0,3428000000.0,2742000000.0,224000000.0,462000000.0,-2832000000.0,-308000000.0,,,,,,-1577000000.0,-1577000000.0,-1577000000.0,,73000000.0,-6000000.0,-6000000.0,665000000.0,1191000000.0,-526000000.0,-586000000.0,-628000000.0,,,3221000000.0,-528000000.0,40000000.0,621000000.0,1162000000.0,,4000000.0,,1760000000.0,,1760000000.0,,,1813000000.0,970082.0,184698144.0,185668226.0,,16982000000.0,-15156000000.0,7583000000.0,-397000000.0,-15156000000.0,,7583000000.0,7583000000.0,7789000000.0,206000000.0,7583000000.0,,191000000.0,9035000000.0,185000000.0,185000000.0,35866000000.0,19176000000.0,,976000000.0,16094000000.0,,,755000000.0,16690000000.0,845000000.0,888000000.0,,,,961000000.0,7334000000.0,,1677000000.0,5657000000.0,43655000000.0,27362000000.0,,790000000.0,,457000000.0,457000000.0,,,22739000000.0,2986000000.0,19753000000.0,3376000000.0,-4545000000.0,7921000000.0,,4032000000.0,1307000000.0,2582000000.0,,0.0,16293000000.0,359000000.0,177000000.0,,,1120000000.0,185000000.0,10406000000.0,-162000000.0,10568000000.0,3531000000.0,3428000000.0,-1980000.0,0.22,2813000000.0,441000000.0,-9000000.0,514000000.0,1760000000.0,5020000000.0,3254000000.0,1430000000.0,-605000000.0,385000000.0,41000000.0,971020000.0,615000000.0,69651000000.0,186003000.0,184698000.0,3.3,3.3,615000000.0,615000000.0,0.0,615000000.0,-22000000.0,637000000.0,536000000.0,509000000.0,1045000000.0,-9000000.0,-518000000.0,77000000.0,-605000000.0,261000000.0,385000000.0,41000000.0,1712000000.0,64631000000.0,16438000000.0,1824000000.0,64000000.0,1760000000.0,,,66343000000.0,5020000000.0,71363000000.0,71363000000.0,,,,,42000000.0,,,,,1351000000.0,,,,103000000.0,,-2000000.0,,,,,,-473000000.0,-110000000.0,62000000.0,,,,,,,,,,,,0.0,,31000000.0,,,,1701000000.0,,,,,,,,,,,515000000.0,101000000.0,,,,,,,,,,,,,,,,,,,,,,,,,,,,,,,,,,,,,,,,,,,,,,,,,,,,,,,,,,,,,,,,,,,,,,,,,,,,
ISS.CO,2020-12-31,0.1859582419107635,,,,3694000000.0,,,,,,,,,,,,,,,,3694000000.0,,,-48000000.0,,505000000.0,,,,,,,,,,,,,,,,,,,,,,,,,,,,,,,,,,,,,,,,,,,,,,,,,,,,,,,,,,,,,,,,,,,,,,,,,,,,,,,,,,,,,,,,,,,,,,,,,,,,,,,,,,,,,,,,,,,,,,,,,,,,,,,,,,,,,,,,,,,,,,,,,,,,,,,,,,,,,,,,,,,,,,,,,,,,,,,,,37000000.0,,,,,,,,,-712000000.0,,,,,,,,,,,,,,,,,,,,,,,,,,,,,,,,,,,,,,,,,,,,,,,,,,,,,,,,,,,,,,,,,,,,,,,,,,,,,,,,,,,
DSV.CO,2022-12-31,0.07162516142827369,25052000000.0,-20313000000.0,-3719000000.0,4393000000.0,-1794000000.0,10160000000.0,8299000000.0,226000000.0,1635000000.0,-24245000000.0,-170000000.0,,-1320000000.0,,-19695000000.0,-20313000000.0,674000000.0,674000000.0,-3719000000.0,4393000000.0,-966000000.0,4000000.0,,0.0,,0.0,-280000000.0,-280000000.0,-690000000.0,-1514000000.0,26846000000.0,-5178000000.0,323000000.0,2840000000.0,,,,-664000000.0,,,,,,30275000000.0,2100000.0,216900000.0,219000000.0,13829000000.0,38979000000.0,-6155000000.0,93731000000.0,7669000000.0,-6155000000.0,16767000000.0,71519000000.0,92917000000.0,71741000000.0,222000000.0,71519000000.0,,2000000.0,70381000000.0,219000000.0,219000000.0,87304000000.0,40535000000.0,,504000000.0,34588000000.0,13190000000.0,21398000000.0,4260000000.0,46769000000.0,,4391000000.0,3577000000.0,814000000.0,,2407000000.0,27886000000.0,9640000000.0,3254000000.0,14992000000.0,159045000000.0,104607000000.0,,3494000000.0,,,,,,77674000000.0,1381000000.0,76293000000.0,20978000000.0,-3016000000.0,23994000000.0,414000000.0,409000000.0,4425000000.0,14285000000.0,4461000000.0,0.0,54438000000.0,,1889000000.0,,93000000.0,9964000000.0,,32387000000.0,-873000000.0,33260000000.0,8383000000.0,8383000000.0,-266963000.0,0.239,30788000000.0,-1117000000.0,-1117000000.0,17568000000.0,5071000000.0,183516000000.0,29671000000.0,24600000000.0,-1149000000.0,1379000000.0,323000000.0,18418037000.0,17568000000.0,210461000000.0,230467000.0,227317000.0,76.2,77.3,17568000000.0,17568000000.0,0.0,17568000000.0,-103000000.0,17671000000.0,17671000000.0,5550000000.0,23221000000.0,-1117000000.0,,1117000000.0,-1149000000.0,93000000.0,1379000000.0,323000000.0,25204000000.0,26945000000.0,5559000000.0,5071000000.0,439000000.0,4632000000.0,,,52149000000.0,183516000000.0,235665000000.0,235665000000.0,618000000.0,618000000.0,,,,824000000.0,,,,1183000000.0,,,1796000000.0,,,,,,,,,-1472000000.0,,202000000.0,520000000.0,,,,,,,,,,,,,1777000000.0,,,,25204000000.0,,,,,,,2840000000.0,,,,38000000.0,,,,,,,,,,,,,,,,,,,,,,,,,,,,,,,,,,,,,,,,,,,,,,,,,,,,,,,,,,,,,,,,,,,,,,,,,,,,,
DSV.CO,2021-12-31,-0.2791771310536232,10719000000.0,-17841000000.0,-489000000.0,12834000000.0,-1483000000.0,8299000000.0,4060000000.0,297000000.0,3942000000.0,-8680000000.0,112000000.0,,-920000000.0,,-17057000000.0,-17841000000.0,12345000000.0,12345000000.0,-489000000.0,12834000000.0,420000000.0,-148000000.0,,1631000000.0,,,-303000000.0,-303000000.0,-760000000.0,-1180000000.0,12202000000.0,-2263000000.0,153000000.0,-4604000000.0,,,,-828000000.0,,,,,,20417000000.0,5800000.0,234200000.0,240000000.0,13166000000.0,36753000000.0,-2558000000.0,95568000000.0,5411000000.0,-2558000000.0,15288000000.0,74103000000.0,91096000000.0,74278000000.0,175000000.0,74103000000.0,,,74219000000.0,240000000.0,240000000.0,87117000000.0,33704000000.0,,447000000.0,28841000000.0,11848000000.0,16993000000.0,3508000000.0,53413000000.0,,7912000000.0,3440000000.0,4472000000.0,,1841000000.0,30371000000.0,10257000000.0,3074000000.0,17040000000.0,161395000000.0,102571000000.0,,3544000000.0,,,,,,76661000000.0,1598000000.0,75063000000.0,19971000000.0,-2765000000.0,22736000000.0,282000000.0,4426000000.0,,13121000000.0,4907000000.0,0.0,58824000000.0,,284000000.0,,119000000.0,13806000000.0,,36369000000.0,-757000000.0,37126000000.0,8299000000.0,8299000000.0,-117110000.0,0.245,20496000000.0,-478000000.0,-478000000.0,11205000000.0,4194000000.0,144691000000.0,20018000000.0,15824000000.0,-792000000.0,920000000.0,202000000.0,11565890000.0,11205000000.0,166083000000.0,232639000.0,227501000.0,48.2,49.3,11205000000.0,11205000000.0,0.0,11205000000.0,-49000000.0,11254000000.0,11254000000.0,3650000000.0,14904000000.0,-478000000.0,,478000000.0,-792000000.0,74000000.0,920000000.0,202000000.0,16223000000.0,21392000000.0,4173000000.0,4194000000.0,430000000.0,3764000000.0,4173000000.0,4173000000.0,37615000000.0,144691000000.0,182306000000.0,182306000000.0,784000000.0,784000000.0,,,420000000.0,420000000.0,,,,908000000.0,,,165000000.0,,,,,,,,,-938000000.0,,160000000.0,105000000.0,,,,,,,,,,,,,,,,,16223000000.0,,,,,,,-4604000000.0,,,,66000000.0,,,,,,,,,,,,,,,,,,,,,,,,,,,,,,,,,,,,,,,,,,,,,,,,,,,,,,,,,,,,,,,,,,,,,,,,,,,,,
DSV.CO,2020-12-31,0.5081477673766461,,,,,,,,,,,,,,-588000000.0,,,,,,,,,,,,,,,,,,,,,,,,-1944000000.0,,,,,,,,,,4821000000.0,,,,,,,,,,,,,4000000.0,,,,,,,,,,,,,,,,,,,,,,,,,,,,,,,,,,,,,,,,,,,,,,,,,,,,,,,,,,,,,,,,,,,,,,,,231576000.0,227246000.0,18.4,18.7,,,,,,,,,,,,,,,,,,,,,,,3291000000.0,3291000000.0,,,,,,,,,803000000.0,,,,,,,,,,,,228000000.0,,,,,,,,,,,,,,,,,,,,,,,,,,,,,,,,,,,,,,,,,,,,,,,,,,,,,,,,,,,,,,,,,,,,,,,,,,,,,,,,,,,,,,,,,,,,,,,,,,,,,,,,,,,,,,,,,
SCHO.CO,2022-12-31,0.08129790228295497,-787000000.0,-292000000.0,-92000000.0,2569000000.0,-1106000000.0,712000000.0,490000000.0,,197000000.0,1377000000.0,13000000.0,,-374000000.0,,-292000000.0,-292000000.0,2270000000.0,2477000000.0,-92000000.0,2569000000.0,-1499000000.0,6000000.0,,-414000000.0,0.0,-414000000.0,-38000000.0,-38000000.0,-1063000000.0,-1068000000.0,319000000.0,-269000000.0,,-1548000000.0,644000000.0,,-1912000000.0,-19000000.0,,,,,,2282000000.0,2082176.0,23417824.0,25500000.0,5219000000.0,6678000000.0,6081000000.0,16279000000.0,6044000000.0,6081000000.0,747000000.0,10348000000.0,15695000000.0,11237000000.0,889000000.0,10348000000.0,383000000.0,,9535000000.0,255000000.0,255000000.0,17208000000.0,7020000000.0,70000000.0,480000000.0,5841000000.0,494000000.0,5347000000.0,39000000.0,10188000000.0,200000000.0,837000000.0,253000000.0,584000000.0,,163000000.0,8308000000.0,1566000000.0,180000000.0,6562000000.0,28445000000.0,12214000000.0,,189000000.0,,92000000.0,,680000000.0,498000000.0,4267000000.0,1451000000.0,2816000000.0,6788000000.0,-6684000000.0,13472000000.0,1268000000.0,153000000.0,7933000000.0,693000000.0,3425000000.0,0.0,16232000000.0,240000000.0,9043000000.0,238000000.0,2308000000.0,432000000.0,56000000.0,5749000000.0,-195000000.0,5944000000.0,712000000.0,712000000.0,19875000.0,0.265,2413000000.0,75000000.0,75000000.0,960000000.0,994000000.0,24066000000.0,2488000000.0,1494000000.0,-152000000.0,190000000.0,38000000.0,904875000.0,960000000.0,31349000000.0,23660444.0,23658475.0,40.58,40.59,960000000.0,960000000.0,0.0,960000000.0,-33000000.0,993000000.0,993000000.0,311000000.0,1304000000.0,74000000.0,-1000000.0,-73000000.0,-152000000.0,-73000000.0,190000000.0,38000000.0,1287000000.0,7283000000.0,2223000000.0,994000000.0,,994000000.0,929000000.0,,8570000000.0,24066000000.0,32636000000.0,32636000000.0,0.0,0.0,,10000000.0,,5000000.0,,,5000000.0,48000000.0,-1000000.0,,569000000.0,,,,,,929000000.0,,6000000.0,-136000000.0,-280000000.0,,9000000.0,,,,483000000.0,54000000.0,,,,,182000000.0,,,,5928000000.0,,,1288000000.0,,25000000.0,,-414000000.0,,,,,,,,,,,,,,,,,,,,,,,,,,,,,,,,,,,,,,,,-207000000.0,,,,,,,,,,,,,,,,,,,,,,,,,,,,,,,,,,,,,,,,,,,,
SCHO.CO,2021-12-31,-0.05543249158742858,-255000000.0,-6000000.0,-45000000.0,536000000.0,-772000000.0,490000000.0,635000000.0,,-170000000.0,237000000.0,3000000.0,,-348000000.0,,-6000000.0,-6000000.0,808000000.0,491000000.0,-45000000.0,536000000.0,-924000000.0,3000000.0,,1000000.0,1000000.0,-45000000.0,-21000000.0,-21000000.0,-697000000.0,-751000000.0,517000000.0,-381000000.0,,-1277000000.0,1208000000.0,,-1614000000.0,71000000.0,,,,,,2181000000.0,1531102.0,23968898.0,25500000.0,2232000000.0,3453000000.0,6726000000.0,12974000000.0,3337000000.0,6726000000.0,731000000.0,10252000000.0,12120000000.0,10649000000.0,397000000.0,10252000000.0,383000000.0,,9582000000.0,255000000.0,255000000.0,10839000000.0,3002000000.0,70000000.0,372000000.0,2384000000.0,516000000.0,1868000000.0,31000000.0,7837000000.0,8000000.0,1069000000.0,215000000.0,854000000.0,,66000000.0,6169000000.0,1436000000.0,72000000.0,4661000000.0,21488000000.0,10313000000.0,,131000000.0,,91000000.0,91000000.0,559000000.0,411000000.0,3526000000.0,1035000000.0,2536000000.0,5765000000.0,-5924000000.0,11689000000.0,604000000.0,132000000.0,7184000000.0,563000000.0,3206000000.0,0.0,11174000000.0,71000000.0,5514000000.0,86000000.0,1753000000.0,296000000.0,77000000.0,4726000000.0,-163000000.0,4889000000.0,490000000.0,490000000.0,6102000.0,0.226,2250000000.0,27000000.0,27000000.0,1008000000.0,858000000.0,17177000000.0,2277000000.0,1419000000.0,-79000000.0,97000000.0,18000000.0,987102000.0,1008000000.0,22911000000.0,24078612.0,23979219.0,41.85,42.03,1008000000.0,1008000000.0,0.0,1008000000.0,-26000000.0,1033000000.0,1033000000.0,288000000.0,1322000000.0,17000000.0,-17000000.0,0.0,-79000000.0,13000000.0,97000000.0,18000000.0,1308000000.0,5734000000.0,1595000000.0,858000000.0,,858000000.0,694000000.0,,7042000000.0,17177000000.0,24219000000.0,24219000000.0,0.0,0.0,,0.0,,54000000.0,,,-2000000.0,88000000.0,,,297000000.0,,,,,,694000000.0,,3000000.0,-66000000.0,-871000000.0,,-12000000.0,,,,0.0,59000000.0,,,,,148000000.0,,,,3378000000.0,,,1323000000.0,105000000.0,25000000.0,,-55000000.0,,,,,,,,,,,,,,,,,,,,,,,,,,,,,,,,,,,,,,,,317000000.0,,,,,,,,,,,,,,,,,,,,,,,,,,,,,,,,,,,,,,,,,,,,
SCHO.CO,2020-12-31,-0.05606110920035623,,,-360000000.0,0.0,,,,,,,,,,-336000000.0,,,,-360000000.0,-360000000.0,0.0,,,,,0.0,,,,,,,,19000000.0,,,,,,622000000.0,129000000.0,493000000.0,,,,,,,,,,,,,,,,,,,357000000.0,,,,,,,,,,,,,,,,,,,,,,,,,,,,,,80000000.0,,,,,,,,,,,,,,,,,,,,,,,,,,,,,,,,,,,,,,,,,,,23998848.0,23973499.0,38.0,38.04,,,,,,,,,,,,,,12000000.0,,,,,,,,,,831000000.0,,,,,,,,,,,,,,,-1000000.0,,,,,2000000.0,,,,,22000000.0,,,,,,,,,,,,,,,,,,,,,1376000000.0,99000000.0,,,-62000000.0,,,,,,,,,,,,,,,,,,,,,,,,,,,,,,,,,,,,,,,,,,,,,,,,,,,,,,,,,,,,,,,,,,,,,,,,,,,,,,,,,,,,
NETC.CO,2022-12-31,-0.23835247533402937,602800000.0,-131500000.0,-2610000000.0,2182800000.0,-170200000.0,336000000.0,458800000.0,-5400000.0,-117300000.0,-646000000.0,-1000.0,,,,-131500000.0,-131500000.0,-427200000.0,-427200000.0,-2610000000.0,2182800000.0,-244300000.0,-24500000.0,,-50000000.0,,-50000000.0,-20000000.0,-20000000.0,-51700000.0,-52200000.0,773000000.0,-234100000.0,7300000.0,-59300000.0,166200000.0,,,-2700000.0,272700000.0,134100000.0,138600000.0,-8000000.0,,839400000.0,901359.0,49098641.0,50000000.0,1583700000.0,2185600000.0,-359200000.0,5440400000.0,1298200000.0,-359200000.0,265900000.0,3520700000.0,5393100000.0,3526900000.0,6200000.0,3520700000.0,54200000.0,313300000.0,3731000000.0,50000000.0,50000000.0,3667000000.0,2177600000.0,,111000000.0,2052900000.0,180500000.0,1872400000.0,,1489400000.0,,132700000.0,85400000.0,47300000.0,102800000.0,11600000.0,721400000.0,345200000.0,111000000.0,265200000.0,7193900000.0,4406400000.0,,32700000.0,,1300000.0,1300000.0,105400000.0,8000000.0,3879900000.0,507400000.0,3372500000.0,329600000.0,-295700000.0,625300000.0,,557900000.0,,67400000.0,,0.0,2787600000.0,124400000.0,,,,1179200000.0,36000000.0,1112000000.0,-16600000.0,1128500000.0,336000000.0,336000000.0,-588700.0,0.203,1081000000.0,-2900000.0,-2900000.0,603400000.0,272700000.0,3772200000.0,1078100000.0,805400000.0,-62500000.0,48900000.0,3000000.0,605711300.0,603400000.0,4710600000.0,49700000.0,49200000.0,12.15,12.26,603400000.0,603400000.0,0.0,603400000.0,600000.0,602800000.0,602800000.0,153800000.0,756500000.0,-2900000.0,-5000000.0,7900000.0,-62500000.0,16600000.0,48900000.0,3000000.0,834100000.0,938400000.0,,248600000.0,134100000.0,114500000.0,399200000.0,369400000.0,1772500000.0,3772200000.0,5544600000.0,5544600000.0,,,,,,500000.0,,,-100000.0,13800000.0,100000.0,,,,,300000.0,,,29800000.0,,4432000.0,-67300000.0,-225500000.0,25100000.0,,,,,,,,,,,97400000.0,,,,,336000000.0,,839400000.0,,-100000.0,,-100000.0,-98000000.0,,,,2500000.0,,0.0,,,,,,,,,,,,,,,,,,,,,,,,,,,,,,,,,,,,,,,,,,,,,,,,,,,,,,,,,,,,,,,,,,,,,,,,,,,,,
NETC.CO,2021-12-31,-0.5823988471156405,408047000.0,-99993000.0,-612076000.0,1700545000.0,-57550000.0,458779000.0,358996000.0,6281000.0,93501000.0,882388000.0,,,-49100000.0,,-99993000.0,-99993000.0,1088469000.0,1088469000.0,-612076000.0,1700545000.0,-1254484000.0,0.0,,-1325938000.0,,-1325938000.0,0.0,0.0,-43925000.0,-46246000.0,465597000.0,-197489000.0,2914000.0,-189249000.0,-42303000.0,,,43685000.0,139201000.0,51424000.0,87777000.0,,,703833000.0,827110.0,49172890.0,50000000.0,1891506000.0,2596909000.0,-865077000.0,5381406000.0,1339380000.0,-865077000.0,246624000.0,3031121000.0,5306909000.0,3037917000.0,6796000.0,3031121000.0,70177000.0,241409000.0,3145769000.0,50000000.0,50000000.0,3983233000.0,2670720000.0,94498000.0,134255000.0,2423767000.0,147979000.0,2275788000.0,,1312513000.0,,173142000.0,98645000.0,74497000.0,0.0,8839000.0,779652000.0,446006000.0,5150000.0,328496000.0,7021150000.0,4369255000.0,,17391000.0,,2102000.0,2102000.0,110444000.0,7211000.0,3896198000.0,523745000.0,3372453000.0,314418000.0,-204058000.0,518476000.0,,468735000.0,,49741000.0,,0.0,2651893000.0,74900000.0,,,,1083211000.0,0.0,1031880000.0,-16920000.0,1048800000.0,458779000.0,458779000.0,8473760.0,0.211,845272000.0,40160000.0,40160000.0,576142000.0,139201000.0,2298687000.0,885432000.0,746231000.0,-30523000.0,18613000.0,220000.0,544455760.0,576142000.0,2890603000.0,49686000.0,49094000.0,11.59,11.73,576142000.0,576142000.0,0.0,576142000.0,1840000.0,574302000.0,574302000.0,153316000.0,727618000.0,40160000.0,1017000.0,-41177000.0,-30523000.0,12130000.0,18613000.0,220000.0,741368000.0,591916000.0,378000.0,109988000.0,51424000.0,58564000.0,263076000.0,237845000.0,1333284000.0,2298687000.0,3631971000.0,3631971000.0,,,,,,2321000.0,,,2000.0,18198000.0,,,,,,1210000.0,,,25231000.0,,0.0,-37298000.0,-146947000.0,,,,,,,,,,,,103233000.0,,,,,458779000.0,,703833000.0,,1000.0,,126683000.0,-11304000.0,,,,2477000.0,,3123000.0,,,,,,,,,,,,,,,,,,,,,,,,,,,,,,,,,,,,,,,,,,,,,,,,,,,,,,,,,,,,,,,,,,,,,,,,,,,,,
NETC.CO,2020-12-31,0.1337883733759142,,,,,,,,,,,,,,,,,,,,,,,,,,,0.0,0.0,,,,,,,,,,,,,,,,,,,,,,,,,,,,,,,,,,,,,,,173207000.0,,,,,,,,,,,,,,,,,,,,,,,,,,,,,,,,,,,,,,,,,,,,,,,,,,,,,,,,,,,,,,,,,,,,,,,,,,,,,,,,,,,,,,,,,,,,,,,,,,,,,,,,,,,,1000.0,,,,,,,,,,,,,,,,,,,,,,,,,,,,,,,,,,,,,,,,,1000.0,0.0,,,,,,,,,,,,,,,,,,,,,,,,,,,,,,,,,,,,,,,,,,,,,,,,,,,,,,,,,,,,,,,,,,,,,,,,,,,,,
JYSK.CO,2022-12-31,0.08143409447867578,58497000000.0,-3316000000.0,,,-1666000000.0,66866000000.0,39977000000.0,-404000000.0,27293000000.0,-445000000.0,,-144000000.0,,,-1327000000.0,-3316000000.0,1117000000.0,1117000000.0,,,-32425000000.0,,,-32049000000.0,,-32049000000.0,,,-463000000.0,-1666000000.0,60163000000.0,-1400000000.0,,56698000000.0,,,,-650000000.0,658000000.0,,658000000.0,,,3752000000.0,,64255000.0,64255000.0,352046000000.0,426350000000.0,37296000000.0,466661000000.0,,37296000000.0,,40624000000.0,466661000000.0,40624000000.0,,40624000000.0,3301000000.0,,36512000000.0,643000000.0,643000000.0,709373000000.0,,,,426350000000.0,,,,,,,,,,,2043000000.0,,,2043000000.0,749997000000.0,,,,,123252000000.0,39660000000.0,187000000.0,,3328000000.0,487000000.0,2841000000.0,4193000000.0,,4193000000.0,,3901000000.0,,292000000.0,,,,,,,,,0.0,,,,,73991000000.0,-6372000.0,0.177,,-36000000.0,-36000000.0,3752000000.0,658000000.0,,,,5897000000.0,5401000000.0,11298000000.0,3781628000.0,3752000000.0,,65128000.0,65128000.0,55.35,55.35,3605000000.0,3605000000.0,147000000.0,3752000000.0,,3752000000.0,3752000000.0,805000000.0,4557000000.0,-36000000.0,-6000000.0,,,,,,,5541000000.0,0.0,616000000.0,,616000000.0,1929000000.0,1929000000.0,,,9470000000.0,9470000000.0,1989000000.0,1989000000.0,,87000000.0,,1203000000.0,805000000.0,905000000.0,,,,,,,,,,42000000.0,,,,,,,-605000000.0,,,,27827000000.0,,,,,55505000000.0,,,,,,,58519000000.0,,,,,,,,-7231000000.0,,97000000.0,,,,,168000000.0,,,,,,,,,,,,,,,,,,,,,123439000000.0,,,,537000000.0,,,33281000000.0,,,,,,,,,,,,,,,,,,,,,73991000000.0,,,,,,,,,,,,,,,,,,,,,,,,,
JYSK.CO,2021-12-31,0.3391690488655257,-4115000000.0,-2991000000.0,,,-1029000000.0,39977000000.0,45489000000.0,-174000000.0,-5338000000.0,-1902000000.0,55000000.0,-176000000.0,,,-1435000000.0,-2991000000.0,-274000000.0,-274000000.0,,,-350000000.0,,,0.0,,0.0,,,-406000000.0,-1029000000.0,-3086000000.0,-873000000.0,,-6774000000.0,,,,123000000.0,604000000.0,,604000000.0,,,3176000000.0,4721000.0,67840000.0,72561000.0,374409000000.0,419317000000.0,38266000000.0,457198000000.0,,38266000000.0,,38266000000.0,457198000000.0,38266000000.0,,38266000000.0,3355000000.0,,34014000000.0,726000000.0,726000000.0,608856000000.0,,,,419317000000.0,,,,,,,,,,,1328000000.0,,,1328000000.0,647122000000.0,,,,,110709000000.0,26953000000.0,227000000.0,227000000.0,0.0,,0.0,4303000000.0,,4303000000.0,,3933000000.0,,370000000.0,,,,147000000.0,,,,,432000000.0,,,,,44523000000.0,5697000.0,0.211,,27000000.0,27000000.0,3176000000.0,604000000.0,,,,5042000000.0,3734000000.0,8776000000.0,3154697000.0,3176000000.0,,70748000.0,70748000.0,42.41,42.41,3000000000.0,3000000000.0,176000000.0,3176000000.0,,3176000000.0,3176000000.0,851000000.0,4027000000.0,27000000.0,-39000000.0,,,,,,,5420000000.0,0.0,592000000.0,,592000000.0,1945000000.0,1945000000.0,,,9200000000.0,9200000000.0,1556000000.0,1556000000.0,,56000000.0,,623000000.0,851000000.0,25000000.0,,,,,,,,,,12000000.0,,,,,,,-218000000.0,,,,25860000000.0,,,,,56002000000.0,,,,,,,30685000000.0,,,,,,,,3983000000.0,,28000000.0,,,,,171000000.0,,,,,,,,,,,,,,,,,,,,,110936000000.0,,,,235000000.0,,,9176000000.0,,,,,,,,,,,,,,,,,,,,,44523000000.0,,,,,,,,,,,,,,,,,,,,,,,,,
ABBN.SW,2022-12-31,0.34863950350639206,525000000.0,-3553000000.0,-2703000000.0,3849000000.0,-762000000.0,4174000000.0,4489000000.0,-189000000.0,-126000000.0,-2394000000.0,-166000000.0,,-1698000000.0,-1698000000.0,-2943000000.0,-3553000000.0,2512000000.0,1146000000.0,-2703000000.0,3849000000.0,981000000.0,283000000.0,-487000000.0,1027000000.0,1315000000.0,-288000000.0,,,-635000000.0,-762000000.0,1287000000.0,,,-1698000000.0,369000000.0,,-1602000000.0,66000000.0,814000000.0,282000000.0,532000000.0,,-84000000.0,2594000000.0,99741744.0,1865003331.0,1964745075.0,3522000000.0,8549000000.0,860000000.0,20455000000.0,3041000000.0,860000000.0,871000000.0,12777000000.0,17920000000.0,13272000000.0,495000000.0,12777000000.0,,3061000000.0,20082000000.0,171000000.0,171000000.0,25876000000.0,9347000000.0,1287000000.0,729000000.0,5794000000.0,651000000.0,5143000000.0,67000000.0,16529000000.0,262000000.0,2755000000.0,220000000.0,2535000000.0,1490000000.0,2199000000.0,6299000000.0,719000000.0,676000000.0,4904000000.0,39148000000.0,19578000000.0,,1396000000.0,,,,130000000.0,,11917000000.0,1406000000.0,10511000000.0,4752000000.0,-5792000000.0,10544000000.0,586000000.0,841000000.0,5495000000.0,,,3622000000.0,19570000000.0,230000000.0,6028000000.0,,2036000000.0,1334000000.0,,6478000000.0,,,4881000000.0,4156000000.0,-94329000.0,0.223,4761000000.0,-423000000.0,-423000000.0,2518000000.0,814000000.0,19736000000.0,4338000000.0,3524000000.0,-58000000.0,130000000.0,72000000.0,2846671000.0,2475000000.0,26034000000.0,1910000000.0,1899000000.0,1.3,1.3,2475000000.0,2475000000.0,0.0,2475000000.0,-119000000.0,2594000000.0,2637000000.0,757000000.0,3394000000.0,-475000000.0,193000000.0,227000000.0,-58000000.0,,130000000.0,72000000.0,3412000000.0,6298000000.0,-278000000.0,,,,5132000000.0,1884000000.0,9710000000.0,19736000000.0,29446000000.0,29446000000.0,610000000.0,610000000.0,,,,127000000.0,-344000000.0,-55000000.0,384000000.0,719000000.0,467000000.0,,1189000000.0,725000000.0,,565000000.0,,55000000.0,3248000000.0,,770000000.0,,-811000000.0,,,-125000000.0,17000000.0,141000000.0,367000000.0,92000000.0,916000000.0,1396000000.0,,,,,,18000000.0,2803000000.0,,,3337000000.0,1166000000.0,,,-14000000.0,,,276000000.0,,,601000000.0,96000000.0,-43000000.0,,,,-2394000000.0,,1207000000.0,1334000000.0,216000000.0,531000000.0,0.0,814000000.0,282000000.0,-123000000.0,-4556000000.0,-4556000000.0,,729000000.0,2216000000.0,2216000000.0,7486000000.0,391000000.0,,130000000.0,,,,7812000000.0,40000000.0,-102000000.0,52000000.0,1884000000.0,1366000000.0,,,90000000.0,1188000000.0,137000000.0,395000000.0,-831000000.0,-344000000.0,,719000000.0,2535000000.0,1225000000.0,38000000.0,,,,36000000.0,,,,,,,,0.0,-226000000.0,-47000000.0,-33000000.0,102000000.0,20000000.0,-308000000.0,84000000.0,,,,,,,,,,,,
ABBN.SW,2021-12-31,-0.13871309895083606,2510000000.0,-3708000000.0,-1538000000.0,1400000000.0,-820000000.0,4489000000.0,3901000000.0,-81000000.0,669000000.0,-4968000000.0,-41000000.0,,-1726000000.0,-1726000000.0,-2882000000.0,-3708000000.0,-221000000.0,-138000000.0,-1538000000.0,1400000000.0,2307000000.0,704000000.0,-1649000000.0,2717000000.0,2958000000.0,-241000000.0,,,-727000000.0,-820000000.0,3330000000.0,,,308000000.0,659000000.0,,-771000000.0,117000000.0,893000000.0,318000000.0,575000000.0,,-38000000.0,4730000000.0,94803864.0,1958344400.0,2053148264.0,1402000000.0,6480000000.0,3536000000.0,21140000000.0,3127000000.0,3536000000.0,919000000.0,15579000000.0,19756000000.0,15957000000.0,378000000.0,15579000000.0,,3010000000.0,22477000000.0,178000000.0,178000000.0,24303000000.0,8735000000.0,1458000000.0,685000000.0,4866000000.0,689000000.0,4177000000.0,168000000.0,15568000000.0,113000000.0,1614000000.0,230000000.0,1384000000.0,1588000000.0,2391000000.0,6269000000.0,672000000.0,676000000.0,4921000000.0,40260000000.0,21565000000.0,,1177000000.0,,,,1670000000.0,,12043000000.0,1561000000.0,10482000000.0,4940000000.0,-6187000000.0,11127000000.0,522000000.0,895000000.0,5785000000.0,,,3925000000.0,18695000000.0,206000000.0,4880000000.0,,1594000000.0,1335000000.0,,6206000000.0,,,5329000000.0,4159000000.0,413214000.0,0.183,4570000000.0,2258000000.0,2258000000.0,4626000000.0,893000000.0,19478000000.0,6828000000.0,5935000000.0,-97000000.0,148000000.0,51000000.0,2781214000.0,4546000000.0,25859000000.0,2019000000.0,2001000000.0,2.25,2.27,4546000000.0,4546000000.0,0.0,4546000000.0,-104000000.0,4650000000.0,4730000000.0,1057000000.0,5787000000.0,2150000000.0,-2231000000.0,48000000.0,-97000000.0,,148000000.0,51000000.0,3086000000.0,6381000000.0,-262000000.0,,,,5162000000.0,1881000000.0,9467000000.0,19478000000.0,28945000000.0,28945000000.0,826000000.0,826000000.0,,,,93000000.0,-289000000.0,-74000000.0,227000000.0,1084000000.0,543000000.0,,995000000.0,1170000000.0,,640000000.0,,33000000.0,3281000000.0,,2353000000.0,,-142000000.0,,,-216000000.0,-2193000000.0,22000000.0,130000000.0,74000000.0,892000000.0,1177000000.0,,,,,,30000000.0,2291000000.0,,,5718000000.0,1219000000.0,,,-368000000.0,,,156000000.0,,,573000000.0,136000000.0,-80000000.0,,,,-4968000000.0,,2671000000.0,3338000000.0,108000000.0,1113000000.0,0.0,893000000.0,318000000.0,-2298000000.0,-4088000000.0,-4088000000.0,,759000000.0,1989000000.0,1989000000.0,7359000000.0,378000000.0,,1670000000.0,,,,7541000000.0,2798000000.0,-100000000.0,108000000.0,1881000000.0,-83000000.0,-83000000.0,,132000000.0,1292000000.0,454000000.0,659000000.0,-142000000.0,-289000000.0,,1084000000.0,1384000000.0,1118000000.0,28000000.0,,,,2193000000.0,,,,,,,,0.0,-364000000.0,-8000000.0,-123000000.0,100000000.0,43000000.0,-339000000.0,38000000.0,,,,,,,,,,,,
ABBN.SW,2020-12-31,0.4971107576081255,,,,,,,,,,,,,,,,,,,,,,,,,,,,,,,,,,,,,,,,,,,,,,,,,,,,,,,,,,,,,,,,,,,,,,,,,,,,,,,,,,,,,,,,,,,,,,,,,,,,,,,,,,,,,,,,,,,,,,,,,,,,,,,,,,,,,,,,,,,,,,,,,,,,,,,,,,,-151000000.0,,,,,,,,,,,,,,,,,,,,,,,,,,,,,,,,,44000000.0,,,,,,138000000.0,,843000000.0,,,,,,,,,,,,,,,-694000000.0,,,,,,282000000.0,,,,,-8206000000.0,,-2272000000.0,1875000000.0,361000000.0,-105000000.0,311000000.0,915000000.0,,241000000.0,-4002000000.0,-4002000000.0,,799000000.0,2033000000.0,2033000000.0,6870000000.0,395000000.0,,1784000000.0,,,,7805000000.0,-826000000.0,-66000000.0,73000000.0,1808000000.0,,-587000000.0,,189000000.0,905000000.0,,-13000000.0,-100000000.0,-280000000.0,,1301000000.0,1293000000.0,996000000.0,29000000.0,,,,-2000000.0,,,,,,,,31000000.0,9032000000.0,-182000000.0,-99000000.0,66000000.0,197000000.0,-357000000.0,37000000.0,,,,,,,,,,,,
TER,2022-12-31,0.24578471741013863,414674000.0,-752082000.0,-66759000.0,0.0,-163249000.0,854773000.0,1122199000.0,3889000.0,-271315000.0,-892989000.0,,,-69711000.0,-69711000.0,-752082000.0,-752082000.0,-66759000.0,-66759000.0,-66759000.0,0.0,43751000.0,203590000.0,-287409000.0,0.0,0.0,0.0,,,-163249000.0,-163249000.0,577923000.0,,,-267468000.0,-60507000.0,-140713000.0,-80809000.0,-2763000.0,110675000.0,19912000.0,90763000.0,,,715501000.0,,155759000.0,155759000.0,,132885000.0,1994621000.0,2501409000.0,1511652000.0,1994621000.0,82770000.0,2451294000.0,2451294000.0,2451294000.0,,2451294000.0,,,725729000.0,19470000.0,19470000.0,1049958000.0,303695000.0,59135000.0,3267000.0,64176000.0,64176000.0,,,746263000.0,,68709000.0,18594000.0,50115000.0,212266000.0,,204732000.0,,65010000.0,139722000.0,3501252000.0,1243337000.0,,142784000.0,,110777000.0,110777000.0,,,456673000.0,53478000.0,403195000.0,492417000.0,-905699000.0,1398116000.0,22470000.0,73734000.0,1089809000.0,128991000.0,18481000.0,0.0,2257915000.0,532962000.0,325019000.0,,30972000.0,,,491145000.0,-1955000.0,493100000.0,894385000.0,854773000.0,-2560565.0,0.149,971964000.0,-17185000.0,-17185000.0,715501000.0,110675000.0,1196552000.0,954779000.0,844104000.0,2660000.0,3719000.0,6379000.0,730125435.0,715501000.0,2305921000.0,169734000.0,158434000.0,4.22,4.52,715501000.0,715501000.0,,715501000.0,,715501000.0,715501000.0,124884000.0,840385000.0,-17185000.0,14700000.0,17185000.0,2660000.0,,3719000.0,6379000.0,849124000.0,1018027000.0,,19333000.0,19333000.0,,558103000.0,,1867151000.0,1287894000.0,3155045000.0,3155045000.0,,,,,,,-38693000.0,9985000.0,,116005000.0,28925000.0,,37982000.0,39612000.0,,5786000.0,,,,,490999000.0,,50628000.0,48228000.0,31452000.0,-25584000.0,0.0,1755963000.0,,45131000.0,11761000.0,142784000.0,,,,,,,256065000.0,222356000.0,632417000.0,831939000.0,440591000.0,,,3410000.0,,,,,,14404000.0,0.0,,,,15981000.0,-892989000.0,-4437000.0,43751000.0,577923000.0,-36067000.0,-60507000.0,,110675000.0,19912000.0,-19009000.0,-49868000.0,-49868000.0,-39849000.0,48398000.0,148285000.0,148285000.0,317003000.0,65010000.0,,110777000.0,,64631000.0,,491145000.0,-11399000.0,,,,,,,1498000.0,193246000.0,,-60507000.0,50628000.0,-38693000.0,,116005000.0,50115000.0,112271000.0,,,,,0.0,,,,,,,,,,,,0.0,0.0,,3400000.0,1159000.0,0.0,19333000.0,19333000.0,,,,,,,,
TER,2021-12-31,-0.4641034912577974,965894000.0,-600000000.0,-342990000.0,,-132472000.0,1122199000.0,914121000.0,-2065000.0,210143000.0,-1008584000.0,,,-65977000.0,-65977000.0,-600000000.0,-600000000.0,-342990000.0,-342990000.0,-342990000.0,,120361000.0,252833000.0,-673781000.0,,,,,,-132472000.0,-132472000.0,1098366000.0,,,-93361000.0,129499000.0,-175846000.0,6495000.0,16467000.0,125485000.0,34412000.0,91073000.0,,,1014589000.0,,162251000.0,162251000.0,,184581000.0,2062297000.0,2672382000.0,1771107000.0,2062297000.0,76155000.0,2563956000.0,2653200000.0,2563956000.0,,2563956000.0,1512000.0,,736566000.0,20281000.0,20281000.0,1245469000.0,440349000.0,67041000.0,6327000.0,145422000.0,56178000.0,89244000.0,,805120000.0,,39159000.0,19977000.0,19182000.0,253667000.0,,241922000.0,,88789000.0,153133000.0,3809425000.0,1233198000.0,,102428000.0,,133858000.0,133858000.0,,,501659000.0,75635000.0,426024000.0,456047000.0,-852221000.0,1308268000.0,8105000.0,68807000.0,1023571000.0,126468000.0,17207000.0,0.0,2576227000.0,406266000.0,243330000.0,,49949000.0,,,550749000.0,-2012000.0,552761000.0,1366430000.0,1122199000.0,-1173312.0,0.126,1313572000.0,-9312000.0,-9312000.0,1014589000.0,125485000.0,1392196000.0,1304260000.0,1178775000.0,-15193000.0,17820000.0,2627000.0,1022727688.0,1014589000.0,2492849000.0,183625000.0,164960000.0,5.56,6.19,1014589000.0,1014589000.0,,1014589000.0,,1014589000.0,1014589000.0,146366000.0,1160955000.0,-9312000.0,12000000.0,9312000.0,-15193000.0,,17820000.0,2627000.0,1210032000.0,996624000.0,,21456000.0,21456000.0,,547559000.0,,2206656000.0,1496225000.0,3702881000.0,3702881000.0,,,,,,,-17305000.0,-6410000.0,,151141000.0,24096000.0,,37740000.0,244231000.0,,-24572000.0,,,,,926614000.0,,-57778000.0,45643000.0,15475000.0,-2217000.0,,1811545000.0,,54921000.0,15110000.0,102428000.0,,,,,,,155641000.0,,,1200720000.0,427609000.0,,,,,,,,,9452000.0,,,,,15497000.0,-1008584000.0,383000.0,120361000.0,1098366000.0,4269000.0,129499000.0,0.0,125485000.0,34412000.0,-8627000.0,-5948000.0,3704000.0,-10818000.0,61248000.0,146185000.0,146185000.0,366109000.0,88789000.0,,133858000.0,,64110000.0,,550749000.0,-33884000.0,,,,,,,4236000.0,172134000.0,,129499000.0,-57778000.0,-17305000.0,,151141000.0,19182000.0,124187000.0,,,,,,,,,,,,,,,,,,,,,1166000.0,,21456000.0,21456000.0,,,,,,,,
TER,2020-12-31,0.36807542676348404,,,,,,,,,,,-8852000.0,,,,,,,,,,,,,,,,,,,,,,,,,,,,,,,,,,,,,,,,,,,,,,,,,3787000.0,,,,,,,,,,,376768000.0,,,,,,33343000.0,,,,,,,,,,,,,,,,,,,,,,,,,,,,,,,,,,,,,,,,,,,,,,,,,,,,,,,,,,,,,,,,,,,,,,4000000.0,,,,,,,,,,,,,,,,,,,,,,,,,,7227000.0,,,,,,,,,,,,,,,,,,,,,,,,,,,,,,,,,,,,,546000.0,,,,,,,,,,,,,,,,,,0.0,,,,,,,,,,,,,,,,,,,,,,,,,,,,,,,,,33343000.0,,,25169000.0,25169000.0,,,,,,,,,,,,,,,,,,,,,,,,,,,,,
PARKEN.CO,2022-12-31,1.0247253514118748,-200734000.0,,-58511000.0,246940000.0,-370892000.0,28530000.0,23034000.0,,5496000.0,17917000.0,,,,0.0,,,20854000.0,188429000.0,-58511000.0,246940000.0,-182579000.0,,,0.0,,0.0,14299000.0,-172998000.0,-196878000.0,-197894000.0,170158000.0,-56387000.0,3025000.0,-92953000.0,-45527000.0,,-19301000.0,5479000.0,68832000.0,1375000.0,67457000.0,,,190908000.0,105689.0,9769511.0,9875200.0,1364003000.0,1399367000.0,663375000.0,2380706000.0,-160270000.0,663375000.0,6834000.0,988173000.0,2279160000.0,1036995000.0,48822000.0,988173000.0,98752000.0,,,197504000.0,197504000.0,2140392000.0,1636690000.0,,269233000.0,1295400000.0,4413000.0,1290987000.0,4676000.0,503702000.0,,103967000.0,2421000.0,101546000.0,8079000.0,5190000.0,156632000.0,58847000.0,36111000.0,61674000.0,3177387000.0,2833955000.0,,,,13000.0,13000.0,0.0,,324798000.0,244454000.0,80344000.0,1790807000.0,-774673000.0,2565480000.0,54999000.0,256780000.0,618300000.0,,1635401000.0,0.0,343432000.0,,87121000.0,,87121000.0,79102000.0,21911000.0,126768000.0,,,28530000.0,28530000.0,-7219884.0,0.276,476900000.0,-26159000.0,-26159000.0,192228000.0,68832000.0,278270000.0,450741000.0,312371000.0,-45619000.0,48644000.0,3025000.0,211167116.0,192228000.0,1124604000.0,9769511.0,9769511.0,19.68,19.68,192228000.0,192228000.0,0.0,192228000.0,1320000.0,190908000.0,190908000.0,72819000.0,263727000.0,-26649000.0,,,-45619000.0,,48644000.0,3025000.0,189328000.0,846334000.0,107438000.0,138370000.0,106313000.0,32057000.0,88557000.0,48527000.0,1035662000.0,278270000.0,1313932000.0,1313932000.0,,,,,187297000.0,1016000.0,72819000.0,21500000.0,43695000.0,23686000.0,,,,,,167677000.0,0.0,26649000.0,40030000.0,,,-24188000.0,-28125000.0,,,,,,,,,,,,0.0,,,,,,,,,,,,,,,,617234000.0,,,,,5456000.0,25776000.0,,,,,,,,,,,,,,,,,,,,,,,,,,,,,-167575000.0,,,,,,,,,,,,,,,,,,,,,,,,,,,,,,,,,,,,,,,,,,,,
PARKEN.CO,2021-12-31,-0.0666666900325803,84724000.0,,-669507000.0,791587000.0,-296299000.0,23034000.0,84470000.0,,-61436000.0,-260358000.0,-141167000.0,,,,,,-116397000.0,122080000.0,-669507000.0,791587000.0,-182101000.0,,,-5608000.0,,-5608000.0,31224000.0,-88170000.0,-207717000.0,-208129000.0,381023000.0,0.0,1282000.0,201917000.0,14124000.0,,177725000.0,-24727000.0,60025000.0,1391000.0,58634000.0,,,67212000.0,105689.0,9769511.0,9875200.0,1382318000.0,1410830000.0,466375000.0,2113166000.0,-305248000.0,466375000.0,5478000.0,707814000.0,1905584000.0,750051000.0,42237000.0,707814000.0,,,,197504000.0,197504000.0,2034649000.0,1466174000.0,,211071000.0,1201105000.0,3335000.0,1197770000.0,2272000.0,568475000.0,,209725000.0,2143000.0,207582000.0,8230000.0,8648000.0,191229000.0,67862000.0,74630000.0,48737000.0,2784700000.0,2521473000.0,,,,13000.0,13000.0,0.0,,241439000.0,161095000.0,80344000.0,1596329000.0,-780503000.0,2376832000.0,348785000.0,242942000.0,623428000.0,,1161677000.0,0.0,263227000.0,,67820000.0,,67820000.0,44520000.0,1456000.0,126397000.0,,,23034000.0,23034000.0,-8987395.0,0.365,305578000.0,-24623000.0,-24623000.0,51625000.0,60025000.0,596917000.0,280955000.0,161355000.0,-54159000.0,55441000.0,1282000.0,67260605.0,51625000.0,1135781000.0,9769511.0,9769511.0,5.28,5.28,51625000.0,51625000.0,0.0,51625000.0,-15587000.0,67212000.0,67212000.0,38702000.0,105914000.0,-24638000.0,,,-54159000.0,,55441000.0,1282000.0,47311000.0,538864000.0,72165000.0,119600000.0,60966000.0,58634000.0,62778000.0,35237000.0,586175000.0,596917000.0,1183092000.0,1183092000.0,,,,,119394000.0,412000.0,38702000.0,-37700000.0,38601000.0,,,,,,,101049000.0,4959000.0,19679000.0,27541000.0,,,-21160000.0,10068000.0,,,,,,0.0,0.0,,,,,0.0,,,,,,,,,,,,,,,,667100000.0,,,,,5456000.0,13125000.0,,,,,,,,,,,,,,,,,,,,,,,,,,,,,-238477000.0,,,,,,,,,,,,,,,,,,,,,,,,,,,,,,,,,,,,,,,,,,,,
PARKEN.CO,2020-12-31,0.09859152218000578,,,,,,,,,,,22500000.0,,,0.0,,,,,,,,,,-20062000.0,0.0,-20062000.0,,,,,,,,,,,,,,,,,,,105689.0,,,,,,,,,,,,,,,,,,,,,,,,,,,,,,,,,,,,,,,,,,,,,,0.0,,,,,,,,,,,,,,,,,,,,,,,,,,,,,,,,,,,,,,,,,,9769511.0,9769511.0,-23.5,-23.5,,,,,,,,,,,5041000.0,,,,,,,,,,,,,,,,,,,,,,,,,,,,,,,,,,0.0,,,,,,,,,,,,144776000.0,0.0,,,,,0.0,,,,,,,,,,,,,,,,,,,0.0,,,6483000.0,,,,,,,,,,,,,,,,,,,,,,,,,,,,,,,,,,,,,,,,,,,,,,,,,,,,,,,,,,,,,,,,,,,,,,,,,
NFLX,2022-12-31,0.6724375276484316,1618528000.0,0.0,-700000000.0,0.0,-407729000.0,5170582000.0,6055111000.0,-170140000.0,-714389000.0,-664254000.0,,,,,35746000.0,0.0,-700000000.0,-700000000.0,-700000000.0,0.0,-2076392000.0,-911276000.0,-911276000.0,-757387000.0,,-757387000.0,,,-407729000.0,-407729000.0,2026257000.0,,,-758087000.0,-158543000.0,,,-16126185000.0,14362814000.0,14026132000.0,336682000.0,-353111000.0,,4491924000.0,1564478.0,445346776.0,446911254.0,9205900000.0,14353076000.0,-11959312000.0,35130477000.0,1335499000.0,-11959312000.0,,20777401000.0,35130477000.0,20777401000.0,,20777401000.0,,824190000.0,17181296000.0,4637601000.0,4637601000.0,27817367000.0,19886393000.0,,,14353076000.0,,14353076000.0,,7930974000.0,4480150000.0,,,,,,671513000.0,,,671513000.0,48594768000.0,39328295000.0,,,,,,,,32736713000.0,32736713000.0,,1398257000.0,-753741000.0,2151998000.0,235555000.0,,738762000.0,52106000.0,85005000.0,0.0,9266473000.0,392735000.0,,,,,598000000.0,988898000.0,,,6058452000.0,5147176000.0,0.0,0.15,20332955000.0,,,4491924000.0,14362814000.0,19168285000.0,20332955000.0,5970141000.0,-368902000.0,706212000.0,337310000.0,4491924000.0,4491924000.0,25982719000.0,451290000.0,444698000.0,9.95,10.1,4491924000.0,4491924000.0,,4491924000.0,,4491924000.0,4491924000.0,772005000.0,5263929000.0,,,,-368902000.0,,706212000.0,337310000.0,5632831000.0,6814434000.0,,,,,4103393000.0,1572891000.0,12447265000.0,19168285000.0,31615550000.0,31615550000.0,35746000.0,35746000.0,,,,,-166550000.0,,5533317000.0,,5193325000.0,,,911276000.0,,,,,2530502000.0,,0.0,,,575452000.0,,,,,,,,,,,,,,,,1075592000.0,4071584000.0,5632831000.0,2711041000.0,,,,,,-353834000.0,,,1228388000.0,,,,,,-664254000.0,,-2076392000.0,2026257000.0,-190197000.0,-214056000.0,,14362814000.0,14026132000.0,-353111000.0,-217306000.0,-217306000.0,,,1264661000.0,1264661000.0,2186163000.0,,,,,1040570000.0,,1586898000.0,,,,1572891000.0,,,,701693000.0,811720000.0,-55513000.0,-158543000.0,,-166550000.0,0.0,,,1514650000.0,,,,,,,,,,,,,,,,,,,,,,,,,,,,,,,,
NFLX,2021-12-31,-0.5182407947443297,-131975000.0,-600022000.0,-500000000.0,0.0,-524585000.0,6055111000.0,8238870000.0,-86740000.0,-2097019000.0,-1149776000.0,-224168000.0,,,,-425608000.0,-600022000.0,-500000000.0,-500000000.0,-500000000.0,0.0,-1339853000.0,0.0,0.0,-788349000.0,,-788349000.0,,,-524585000.0,-524585000.0,392610000.0,,,-241977000.0,145115000.0,,,-17092527000.0,12438779000.0,12230367000.0,208412000.0,-430661000.0,,5116228000.0,1564478.0,443963107.0,445527585.0,9365091000.0,15392895000.0,-15070291000.0,31242143000.0,-419141000.0,-15070291000.0,,15849248000.0,30542320000.0,15849248000.0,,15849248000.0,,824190000.0,12689372000.0,4024561000.0,4024561000.0,28735415000.0,20246449000.0,,,14693072000.0,,14693072000.0,,8488966000.0,4292967000.0,699823000.0,,699823000.0,,,837483000.0,,,837483000.0,44584663000.0,36514838000.0,,,,,,,,30919539000.0,30919539000.0,,1323453000.0,-616306000.0,1939759000.0,282248000.0,380452000.0,663665000.0,48123000.0,82381000.0,0.0,8069825000.0,323818000.0,,,,,,804320000.0,,,6027804000.0,6027804000.0,0.0,0.12,19044502000.0,,,5116228000.0,12438779000.0,17332683000.0,19044502000.0,6605723000.0,-354406000.0,765620000.0,411214000.0,5116228000.0,5116228000.0,23503335000.0,455372000.0,443155000.0,11.24,11.55,5116228000.0,5116228000.0,,5116228000.0,,5116228000.0,5116228000.0,723875000.0,5840103000.0,,,,-354406000.0,,765620000.0,411214000.0,6194509000.0,6170652000.0,,,,,3896767000.0,1351621000.0,12365161000.0,17332683000.0,29697844000.0,29697844000.0,174414000.0,174414000.0,,,,,199548000.0,,5553377000.0,,4271846000.0,,,0.0,,,,,2545146000.0,,0.0,,,403220000.0,,,,,,,,,,,,,,,,1924191000.0,4103613000.0,6194509000.0,2273885000.0,,,-26919000.0,,,-369681000.0,,,913883000.0,,,,,,-1149776000.0,,-1339853000.0,392610000.0,-197749000.0,325453000.0,,12438779000.0,12230367000.0,-430661000.0,-40495000.0,-40495000.0,,,1209342000.0,1209342000.0,2286834000.0,,,,,863342000.0,,804320000.0,,,,1351621000.0,,,,763432000.0,509265000.0,180338000.0,145115000.0,,199548000.0,0.0,,,1449351000.0,,,,,,,,,,,,,,,,,,,,,,,,,,,,,,,,
NFLX,2020-12-31,0.11412354447068163,,,,,,,,,,,-7559000.0,,,,,,,,,,,,,,,,,,,,,,,,,,,,,,,,,,,,,,,,,,,,,,,,,,,,,,,,,,,,,,,,499878000.0,,499878000.0,,,,,,,,,,,,,,,,,,,,,,,283014000.0,,,,,,,,,,,,,,,,,,,,,,,,,,,,,,,,,,,,,,,,,,,,,,,,,,,,,,,,,,,,,,,,,,,,,,,,,,,,,,,,,,,,,,,,,,,,,,,,,,,,,,,,,,,,,,-7431000.0,,,,,,,,,,,,,,,,,,,,,,,,,,,,,,,,,,,,,,,,,,,,,,,,,,,,,,,,,,,,,,,,,,,,,,,,,,,,,,,,,,,,
TRMD-A.CO,2022-12-31,0.048278562214445264,382100000.0,0.0,-275200000.0,96300000.0,-119900000.0,323800000.0,144800000.0,,175700000.0,-337600000.0,8000000.0,,-166700000.0,-166700000.0,0.0,0.0,-178900000.0,-178900000.0,-275200000.0,96300000.0,11300000.0,,,1000000.0,1000000.0,,-600000.0,-600000.0,-12700000.0,-119300000.0,502000000.0,-700000.0,4000000.0,-180900000.0,4700000.0,-5700000.0,-21800000.0,45000000.0,139000000.0,,,-300000.0,-10200000.0,562600000.0,493400.0,81817928.0,82311328.0,646400000.0,966900000.0,1497700000.0,2468300000.0,533300000.0,1497700000.0,,1501400000.0,2351200000.0,1503700000.0,2300000.0,1501400000.0,,4200000.0,1297800000.0,800000.0,800000.0,1110500000.0,904100000.0,45200000.0,6100000.0,849800000.0,,849800000.0,,206400000.0,31100000.0,117100000.0,,117100000.0,,6800000.0,50500000.0,,2000000.0,48500000.0,2614200000.0,1874500000.0,,600000.0,197000.0,200000.0,200000.0,100000.0,,3700000.0,1900000.0,1800000.0,1865300000.0,-570200000.0,2435500000.0,0.0,10500000.0,2421200000.0,,,3800000.0,739700000.0,10400000.0,72000000.0,72033000.0,,3800000.0,,259500000.0,-10600000.0,270100000.0,320500000.0,320500000.0,1349000.0,0.19,737300000.0,7100000.0,7100000.0,562800000.0,139000000.0,598500000.0,744400000.0,605400000.0,-44300000.0,48700000.0,4000000.0,557049000.0,562800000.0,849700000.0,82800000.0,81300000.0,6.8,6.92,562800000.0,562800000.0,,562800000.0,200000.0,562600000.0,562600000.0,-5900000.0,556700000.0,7600000.0,,,-44300000.0,-400000.0,48700000.0,4000000.0,593700000.0,251200000.0,196200000.0,,,,55000000.0,55000000.0,844900000.0,598500000.0,1443400000.0,1443400000.0,,,,,,106600000.0,-5900000.0,600000.0,3000000.0,,66000.0,,,,,,,2600000.0,,,,-49500000.0,-158100000.0,2200000.0,-6300000.0,,,167600000.0,,,,600000.0,,,100000.0,55300000.0,,18200000.0,,,320500000.0,601500000.0,,3300000.0,,23600000.0,,0.0,,,,8000.0,0.0,,,,,-337600000.0,,11200000.0,502000000.0,-15000.0,4700000.0,2600000.0,139000000.0,,-10100000.0,39400000.0,39900000.0,-500000.0,6100000.0,900000.0,900000.0,50500000.0,,,300000.0,,12000000.0,,263300000.0,7300000.0,200000.0,-500000.0,55000000.0,,,,,,,4700000.0,,-5900000.0,,,,,,,,,,,,,,,,,,,,,-200000.0,,,10200000.0,,,,,4600000.0,,,,,,,
TRMD-A.CO,2021-12-31,2.8799392590030695,-271839000.0,0.0,-253420000.0,548817000.0,-319787000.0,171733000.0,89514000.0,,55330000.0,297975000.0,2578000.0,,0.0,0.0,0.0,0.0,295397000.0,295397000.0,-253420000.0,548817000.0,-290593000.0,,,0.0,0.0,0.0,0.0,0.0,-309754000.0,-319787000.0,47948000.0,-1379000.0,241000.0,-48489000.0,19400000.0,-3500000.0,-26900000.0,42091000.0,130851000.0,,130851000.0,-700000.0,0.0,-42089000.0,493371.0,80739898.0,81233269.0,990601000.0,1135401000.0,1052180000.0,2187581000.0,56126000.0,1052180000.0,,1052180000.0,1978630000.0,1052180000.0,0.0,1052180000.0,,4235000.0,899467000.0,812000.0,812000.0,1278819000.0,971626000.0,45176000.0,0.0,926450000.0,,926450000.0,,307193000.0,14481000.0,208951000.0,,208951000.0,,18300000.0,36261000.0,,929000.0,35332000.0,2330999000.0,1967680000.0,,651000.0,1000.0,1000.0,1000.0,1473000.0,,0.0,,0.0,1960896000.0,-514600000.0,2475496000.0,11996000.0,9300000.0,2443300000.0,,,0.0,363319000.0,5624000.0,48812000.0,48812000.0,,4300000.0,,84000000.0,-3100000.0,87100000.0,144800000.0,144800000.0,-882550.0,0.19,137133000.0,-4645000.0,-4645000.0,-42089000.0,130851000.0,371788000.0,132488000.0,1637000.0,-42141000.0,42382000.0,241000.0,-38326550.0,-42089000.0,613387000.0,78100000.0,78100000.0,-0.54,-0.54,-42089000.0,-42089000.0,,-42089000.0,0.0,-42089000.0,-42089000.0,1344000.0,-40745000.0,-4645000.0,,,-42141000.0,1600000.0,42382000.0,241000.0,6145000.0,241599000.0,190057000.0,,,,51542000.0,51542000.0,247744000.0,371788000.0,619532000.0,619532000.0,,,,,,10033000.0,1344000.0,-200000.0,,,42000.0,,,,,,,4645000.0,,,,-41046000.0,-37500000.0,2300000.0,0.0,,,159558000.0,,,,651000.0,,,1473000.0,8300000.0,,54300000.0,,,144800000.0,1396000.0,,26889000.0,,19161000.0,,275000.0,,,,-33000.0,13216000.0,,,,,297975000.0,,-290593000.0,47998000.0,11000.0,19400000.0,4645000.0,130851000.0,,-796000.0,-3422000.0,-3559000.0,137000.0,0.0,0.0,0.0,65461000.0,,,1474000.0,,10900000.0,,88300000.0,-4749000.0,-104000.0,-500000.0,51542000.0,,,,,,,19400000.0,,1344000.0,,,208951000.0,29200000.0,2300000.0,,,,,,,,,,,,,,,,104000.0,,,0.0,,,,,4617000.0,,,,,,,
TRMD-A.CO,2020-12-31,0.14888887529489714,,-1348000.0,,,,,,,,,,,,,-1348000.0,-1348000.0,,,,,,,,,,0.0,,,,,,,,,,,,,,,121922000.0,,,,,,,,,,,,,,,,,,,,,,,,,,,,,,,,,,,,,,,,,,,,,,,1000.0,,,,,,,,,,,,,,,,,,,,22459000.0,,,,,,,,,,,,,,,,,,,,,,,,,74000000.0,74000000.0,1.19,1.19,,,,,,,,,,,,,,,,,,,,,,,,,,,,,788000.0,788000.0,,,,,,,,,10000.0,,,,,,,,,,,,,,,,,,,,,,,,,,,,,,,,,,,,-173050000.0,,,,,-81000.0,,,,,,,,,,10009000.0,,,,,,,,,,,,,,,,,,,,,,,,,,,,,,,,,,,102858000.0,34200000.0,3100000.0,,,,,,,,,,,,,,,,,,,,,,,,,,,,,,,
STG.CO,2022-12-31,0.014749296778733045,1003000000.0,-776400000.0,-4000000.0,,-389500000.0,22200000.0,173600000.0,-10600000.0,-140800000.0,-1401500000.0,138300000.0,,-692000000.0,-692000000.0,-776400000.0,-776400000.0,-4000000.0,-4000000.0,-4000000.0,,-131800000.0,,,-3700000.0,,-3700000.0,-125400000.0,-125400000.0,-18300000.0,-264100000.0,1392500000.0,-253600000.0,93000000.0,-363900000.0,,,-228100000.0,279500000.0,352300000.0,,352300000.0,,-139500000.0,1476300000.0,5751000.0,87249000.0,93000000.0,3078900000.0,3432500000.0,651500000.0,12442700000.0,2887000000.0,651500000.0,331400000.0,9341600000.0,12442700000.0,9341600000.0,,9341600000.0,,748100000.0,9032900000.0,93000000.0,93000000.0,5780500000.0,4303300000.0,,673500000.0,3376200000.0,275100000.0,3101100000.0,17900000.0,1477200000.0,686900000.0,56300000.0,56300000.0,,,19800000.0,714200000.0,,207400000.0,506800000.0,15122100000.0,10757900000.0,,104600000.0,,,,223600000.0,223600000.0,8690100000.0,3358600000.0,5331500000.0,1739600000.0,-745800000.0,2485400000.0,334300000.0,3800000.0,934700000.0,354900000.0,857700000.0,0.0,4364200000.0,100700000.0,3248900000.0,,1436300000.0,86400000.0,21400000.0,884600000.0,-14400000.0,899000000.0,22200000.0,22200000.0,7216000.0,0.205,2288500000.0,35200000.0,35200000.0,1476300000.0,352300000.0,4454900000.0,2323700000.0,1971400000.0,-133400000.0,114900000.0,1700000.0,1448316000.0,1476300000.0,6844400000.0,90851000.0,90566000.0,16.2,16.3,1476300000.0,1476300000.0,0.0,1476300000.0,,1476300000.0,1476300000.0,380200000.0,1856500000.0,35200000.0,-116900000.0,81600000.0,-133400000.0,20200000.0,114900000.0,1700000.0,1917800000.0,2389500000.0,1126400000.0,352200000.0,168500000.0,183700000.0,1126400000.0,1126400000.0,4307300000.0,4454900000.0,8762200000.0,8762200000.0,,,,15600000.0,,245800000.0,380200000.0,,31000000.0,204700000.0,,,348000000.0,,,,0.0,100000.0,,,,-199200000.0,-26900000.0,,-51400000.0,,,,,,,,,,,,,,1464600000.0,,,,,,,,,,,,,,0.0,,-108900000.0,,,,,,,,,,,,,,,,,,,,,,,,,,,,,,,,,,,,,,,,,,,,,,,,,,,,,,,,,,,,,,,,,,,,,,,,,,,
STG.CO,2021-12-31,-0.06177245714394952,1326300000.0,-607100000.0,0.0,,-240400000.0,173600000.0,117000000.0,5200000.0,51400000.0,-1337800000.0,-45200000.0,,-626700000.0,,-607100000.0,-607100000.0,0.0,0.0,0.0,,-177500000.0,,,-3900000.0,,-3900000.0,-28800000.0,-28800000.0,-154400000.0,-211600000.0,1566700000.0,-374200000.0,33900000.0,-155200000.0,,,41500000.0,320100000.0,361500000.0,,361500000.0,,-18300000.0,1390600000.0,4526000.0,92974000.0,97500000.0,2744400000.0,3115900000.0,473400000.0,11885800000.0,2857400000.0,473400000.0,197900000.0,8967800000.0,11885800000.0,8967800000.0,,8967800000.0,,570500000.0,8754000000.0,97500000.0,97500000.0,5615900000.0,4150000000.0,,698900000.0,3067400000.0,149400000.0,2918000000.0,17900000.0,1465900000.0,746200000.0,48500000.0,48500000.0,,,64300000.0,606900000.0,,102400000.0,504500000.0,14583700000.0,10260400000.0,,130200000.0,,,,187500000.0,187500000.0,8494400000.0,3351900000.0,5142500000.0,1448300000.0,-818400000.0,2266700000.0,214400000.0,4000000.0,1024600000.0,221100000.0,802600000.0,0.0,4323300000.0,84600000.0,2935900000.0,,1290900000.0,98800000.0,69500000.0,852400000.0,-19900000.0,872300000.0,173600000.0,173600000.0,-11705800.0,0.214,2287400000.0,-54700000.0,-54700000.0,1390600000.0,361500000.0,4119600000.0,2232700000.0,1868800000.0,-97500000.0,100300000.0,600000.0,1433594200.0,1390600000.0,6394800000.0,95689000.0,95302000.0,14.5,14.6,1390600000.0,1390600000.0,0.0,1390600000.0,,1390600000.0,1390600000.0,377900000.0,1768500000.0,-54700000.0,15600000.0,41500000.0,-97500000.0,-2200000.0,100300000.0,600000.0,1837900000.0,2275200000.0,1052900000.0,363900000.0,161200000.0,202700000.0,1052900000.0,1052900000.0,4113100000.0,4119600000.0,8232700000.0,8232700000.0,,,,9600000.0,,57200000.0,377900000.0,,58400000.0,307400000.0,,,372000000.0,,,31000000.0,-60900000.0,58500000.0,,,,-118000000.0,-9400000.0,,-1000000.0,,,,,,,,,,,,,,1273000000.0,,,,,,,,,,,,,,108500000.0,,-38300000.0,,,,,,,,,,,,,,,,,,,,,,,,,,,,,,,,,,,,,,,,,,,,,,,,,,,,,,,,,,,,,,,,,,,,,,,,,,,
STG.CO,2020-12-31,0.3906648188141848,,,,7549500000.0,,,,,,,,,,-608300000.0,,,,,,7549500000.0,,,,,,,,,,,,,,,,,,,,,,,,,,,,,,,,,,,,,,,,,,,,,,,,,,,,,,,,,,,,,,,,,,,,,0.0,,,,,,,,,,,,,,,,,,,,,,,,,,,,,,,,,,,,,,,,,,,,,,,,,,,,,,,,,,,,,,,,,,,,,,1007900000.0,1007900000.0,,,,,,,,,,,,,,,,,,,,,-51800000.0,,,,,,,,,,,,,,,,,,,,,,,,,,,,,,,,,,,,31800000.0,,,,,,,,,,,,,,,,,,,,,,,,,,,,,,,,,,,,,,,,,,,,,,,,,,,,,,,,,,,,,,,,,,,,,,,,,,,,,
NOVO-B.CO,2022-12-31,0.50275099745268,64134000000.0,-24086000000.0,-13623000000.0,11215000000.0,-14753000000.0,12653000000.0,10719000000.0,-238000000.0,2172000000.0,-51797000000.0,,,-25303000000.0,,-24086000000.0,-24086000000.0,-2408000000.0,-2408000000.0,-13623000000.0,11215000000.0,-24918000000.0,-3090000000.0,-9735000000.0,-7075000000.0,,-7075000000.0,-2607000000.0,-2607000000.0,-12146000000.0,-12146000000.0,78887000000.0,-14515000000.0,276000000.0,-5535000000.0,5150000000.0,,-4767000000.0,2367000000.0,7362000000.0,1599000000.0,7362000000.0,-3238000000.0,,55525000000.0,60200000.0,4499800000.0,4560000000.0,8602000000.0,25784000000.0,32547000000.0,104741000000.0,-12746000000.0,32547000000.0,4529000000.0,83486000000.0,104261000000.0,83486000000.0,,83486000000.0,,6000000.0,80587000000.0,456000000.0,456000000.0,157771000000.0,36831000000.0,,7061000000.0,24318000000.0,3543000000.0,20775000000.0,4590000000.0,120940000000.0,26509000000.0,1466000000.0,986000000.0,480000000.0,,70287000000.0,22678000000.0,,7091000000.0,15587000000.0,241257000000.0,133063000000.0,,13904000000.0,,1016000000.0,1016000000.0,327000000.0,327000000.0,50939000000.0,46324000000.0,4615000000.0,66671000000.0,-44755000000.0,111426000000.0,22361000000.0,8114000000.0,37548000000.0,,,43403000000.0,108194000000.0,,24388000000.0,,6038000000.0,6005000000.0,940000000.0,50560000000.0,-1520000000.0,52080000000.0,23574000000.0,12653000000.0,-1026648000.0,0.196,82040000000.0,-5238000000.0,-5238000000.0,55525000000.0,7362000000.0,28448000000.0,76802000000.0,69440000000.0,-320000000.0,378000000.0,239000000.0,59736352000.0,55525000000.0,102145000000.0,4544600000.0,4530600000.0,12.22,12.26,55525000000.0,55525000000.0,,55525000000.0,,55525000000.0,55525000000.0,13537000000.0,69062000000.0,,,,-320000000.0,181000000.0,378000000.0,239000000.0,74809000000.0,73697000000.0,-1034000000.0,,,,50684000000.0,4467000000.0,148506000000.0,28448000000.0,176954000000.0,455692000000.0,,,,0.0,,0.0,13537000000.0,2572000000.0,100000000.0,762000000.0,,,13673000000.0,10921000000.0,,,,,46217000000.0,,6645000000.0,-272000000.0,-10824000000.0,1539000000.0,18465000000.0,615000000.0,,,,,,13904000000.0,,,,2727000000.0,,,6392000000.0,,12653000000.0,74809000000.0,24047000000.0,,,,,,,,,,,,3746000000.0,,,-51797000000.0,,-24918000000.0,78887000000.0,1160000000.0,5150000000.0,809000000.0,7362000000.0,1599000000.0,138000000.0,2449000000.0,2449000000.0,,7061000000.0,,,22678000000.0,,206000000.0,1343000000.0,,,-1715000000.0,57505000000.0,-5427000000.0,-189000000.0,-5238000000.0,4467000000.0,,,,,,,6717000000.0,-9917000000.0,13537000000.0,,762000000.0,,,,,,,,,,,,,,,,,,,189000000.0,,,,,,,,,480000000.0,,0.0,,,,
NOVO-B.CO,2021-12-31,0.2953269235375944,47615000000.0,-19447000000.0,-6689000000.0,22160000000.0,-7385000000.0,10719000000.0,12226000000.0,591000000.0,-2098000000.0,-25493000000.0,,,-21517000000.0,,-19447000000.0,-19447000000.0,15471000000.0,15471000000.0,-6689000000.0,22160000000.0,-31605000000.0,-5941000000.0,-7113000000.0,-18283000000.0,0.0,-18283000000.0,-1050000000.0,-1050000000.0,-6335000000.0,-6335000000.0,55000000000.0,-14438000000.0,241000000.0,-9063000000.0,3138000000.0,,-1085000000.0,-3889000000.0,6025000000.0,,6025000000.0,,,47757000000.0,62200000.0,4620000000.0,4682200000.0,11796000000.0,26645000000.0,27575000000.0,93262000000.0,-13921000000.0,27575000000.0,4129000000.0,70746000000.0,80400000000.0,70746000000.0,,70746000000.0,,6000000.0,72004000000.0,462000000.0,462000000.0,123762000000.0,24246000000.0,,5271000000.0,12961000000.0,3307000000.0,9654000000.0,4374000000.0,99516000000.0,21784000000.0,13684000000.0,822000000.0,12862000000.0,,51520000000.0,12528000000.0,,3658000000.0,8870000000.0,194508000000.0,108913000000.0,,8672000000.0,,916000000.0,916000000.0,525000000.0,525000000.0,43171000000.0,38825000000.0,4346000000.0,55362000000.0,-40525000000.0,95887000000.0,11091000000.0,7776000000.0,35944000000.0,,,41076000000.0,85595000000.0,,19621000000.0,,5282000000.0,5037000000.0,1119000000.0,40643000000.0,-1430000000.0,42073000000.0,17485000000.0,10720000000.0,122880000.0,0.192,64754000000.0,640000000.0,640000000.0,47757000000.0,6025000000.0,23658000000.0,65394000000.0,59369000000.0,-180000000.0,289000000.0,231000000.0,47239880000.0,47757000000.0,82156000000.0,4605303761.0,4594227994.0,10.37,10.395,47757000000.0,47757000000.0,,47757000000.0,,47757000000.0,47757000000.0,11323000000.0,59080000000.0,,,,-180000000.0,122000000.0,289000000.0,231000000.0,58644000000.0,58498000000.0,-332000000.0,,,,41058000000.0,4050000000.0,117142000000.0,23658000000.0,140800000000.0,340180000000.0,,,,4000000.0,,0.0,11323000000.0,-340000000.0,360000000.0,1280000000.0,,,12285000000.0,6765000000.0,,,,,37008000000.0,,1172000000.0,-261000000.0,-13785000000.0,1040000000.0,,16581000000.0,,,,,,8672000000.0,,,,1690000000.0,,,4310000000.0,,10720000000.0,58644000000.0,17772000000.0,,,,,,,,,,,,2595000000.0,,,-25493000000.0,,-31605000000.0,55000000000.0,74000000.0,3138000000.0,,6025000000.0,,16265000000.0,-1714000000.0,-1714000000.0,,5271000000.0,,,12528000000.0,,267000000.0,1441000000.0,,,-2256000000.0,46799000000.0,616000000.0,-24000000.0,640000000.0,4050000000.0,,,,,,,3153000000.0,-12909000000.0,11323000000.0,,1280000000.0,12503000000.0,,,,,,,,,,,,,,,,,,24000000.0,,,,,,,,,359000000.0,,0.0,,,,
NOVO-B.CO,2020-12-31,0.7562388071937853,,,,,,,,,,,,,,-20121000000.0,,,,,,,,,,,0.0,,,,,,,,,,,,,,,,,,,,,,,,,,,,,,,,,,,,,,,,,,,,,,,,,,,,,,,,,,,,,,,,,,,,,,,,,,,,,,,,,,,,,,,,,,,,,,,,,,,,,,,,,,,,,,,,,,,,,,,,,,,,,,,,,,,,,,,,,,,,,,,18000000.0,,7000000.0,,,,,,,,,,,,,,,,,,,3605000000.0,,0.0,,,,,,,,,,,,,,,,,0.0,,,,,,,,,,,,,,,,,,,,,,,,,,,,,,,,,,,,,,,,,,,,,,,,,,,,,5577000000.0,,,,,,,,,,,,,,,,,,,,,,,,,,,,,,,,,
EQNR,2022-12-31,-0.017925855919111888,26378000000.0,-3315000000.0,-1616000000.0,0.0,-8758000000.0,15579000000.0,13987000000.0,-2268000000.0,3860000000.0,-15414000000.0,-1000000.0,,-5380000000.0,-5380000000.0,-3315000000.0,-3315000000.0,-6718000000.0,-1616000000.0,-1616000000.0,0.0,-15863000000.0,-8195000000.0,,147000000.0,147000000.0,,,,,,35136000000.0,-43856000000.0,399000000.0,-4616000000.0,,,,468000000.0,6733000000.0,,6733000000.0,-2088000000.0,,78604000000.0,53527889.0,3121942270.0,3175470159.0,19062000000.0,32167000000.0,50429000000.0,82488000000.0,34362000000.0,50429000000.0,3667000000.0,53988000000.0,78129000000.0,53989000000.0,1000000.0,53988000000.0,,,58236000000.0,1142000000.0,1142000000.0,104032000000.0,60227000000.0,,11996000000.0,26550000000.0,2409000000.0,24141000000.0,15633000000.0,43805000000.0,4374000000.0,5617000000.0,1258000000.0,4359000000.0,,903000000.0,32911000000.0,2688000000.0,17655000000.0,6207000000.0,158021000000.0,79852000000.0,339000000.0,8732000000.0,,2733000000.0,491000000.0,2758000000.0,,3559000000.0,2179000000.0,1380000000.0,58097000000.0,-143088000000.0,201185000000.0,10815000000.0,6633000000.0,1343000000.0,,,182394000000.0,78167000000.0,,5205000000.0,518000000.0,2445000000.0,4460000000.0,,16054000000.0,,,39314000000.0,9438000000.0,9240000.0,0.22,86224000000.0,42000000.0,42000000.0,28746000000.0,6733000000.0,60197000000.0,86266000000.0,79533000000.0,200000000.0,929000000.0,1129000000.0,28713240000.0,28746000000.0,71263000000.0,3183388704.0,3172847682.0,9.03,9.06,28746000000.0,28746000000.0,,28746000000.0,3000000.0,28744000000.0,28744000000.0,49861000000.0,78604000000.0,,,,200000000.0,,929000000.0,1129000000.0,77741000000.0,11066000000.0,10080000000.0,,,,986000000.0,,88807000000.0,60197000000.0,149004000000.0,150262000000.0,,,,,,,,1062000000.0,1000000.0,3671000000.0,,,,29876000000.0,,,,,,,,-747000000.0,,,,,,3041000000.0,2376000000.0,,1219000000.0,8732000000.0,691000000.0,,,4039000000.0,,6140000000.0,2242000000.0,7218000000.0,2220000000.0,78811000000.0,,,,943000000.0,-8758000000.0,,,1448000000.0,,,1018000000.0,,,,,-15413000000.0,,-15863000000.0,35136000000.0,,,342000000.0,6733000000.0,,-1849000000.0,-8431000000.0,,-8855000000.0,11996000000.0,,,32911000000.0,,1724000000.0,5491000000.0,794000000.0,,,22451000000.0,662000000.0,620000000.0,42000000.0,,-5102000000.0,,,,,,,,,,3671000000.0,4359000000.0,,,,,2808000000.0,,,,,,,,,,,,,,,,,,,,,,,241000000.0,,424000000.0,3553000000.0,1937000000.0,
EQNR,2021-12-31,0.4093959966455032,20776000000.0,-321000000.0,-3913000000.0,0.0,-8040000000.0,13987000000.0,6757000000.0,-538000000.0,7768000000.0,-4836000000.0,,,-1797000000.0,-1797000000.0,-321000000.0,-321000000.0,-2718000000.0,-3913000000.0,-3913000000.0,0.0,-16211000000.0,-9952000000.0,,-111000000.0,,-111000000.0,,,,,28816000000.0,-8588000000.0,96000000.0,-4546000000.0,,,,106000000.0,11719000000.0,,11719000000.0,-47000000.0,,31583000000.0,25571396.0,3232116311.0,3257687707.0,20644000000.0,36239000000.0,34515000000.0,71687000000.0,23363000000.0,34515000000.0,3562000000.0,39010000000.0,66414000000.0,39024000000.0,14000000.0,39010000000.0,,,36683000000.0,1164000000.0,1164000000.0,108096000000.0,68957000000.0,,14037000000.0,29853000000.0,2449000000.0,27404000000.0,19899000000.0,39139000000.0,4741000000.0,6386000000.0,1113000000.0,5273000000.0,,1960000000.0,26052000000.0,2181000000.0,13119000000.0,6249000000.0,147120000000.0,84619000000.0,104000000.0,6259000000.0,,3346000000.0,,2686000000.0,,4495000000.0,3028000000.0,1467000000.0,64032000000.0,-150160000000.0,214192000000.0,12614000000.0,5850000000.0,1335000000.0,,,194393000000.0,62502000000.0,,3395000000.0,424000000.0,315000000.0,3012000000.0,,14002000000.0,,,33279000000.0,12033000000.0,-213400000.0,0.22,45041000000.0,-970000000.0,-970000000.0,8563000000.0,11719000000.0,46879000000.0,44071000000.0,32352000000.0,-657000000.0,769000000.0,112000000.0,9319600000.0,8563000000.0,55793000000.0,3255893536.0,3243560606.0,2.63,2.64,8563000000.0,8563000000.0,,8563000000.0,-14000000.0,8576000000.0,8576000000.0,23007000000.0,31583000000.0,,,,-657000000.0,,769000000.0,112000000.0,32951000000.0,8914000000.0,8134000000.0,,,,780000000.0,,41865000000.0,46879000000.0,88744000000.0,88247000000.0,,,,,,,,539000000.0,-2000000.0,4403000000.0,,,,21246000000.0,,,,,,,,-698000000.0,,,,,,6408000000.0,767000000.0,,1449000000.0,6259000000.0,1265000000.0,,,5131000000.0,,2093000000.0,2656000000.0,9360000000.0,2673000000.0,33663000000.0,,,,1892000000.0,-8040000000.0,,,,,,676000000.0,,,,,-4836000000.0,,-16211000000.0,28816000000.0,,,171000000.0,11719000000.0,,-1027000000.0,-5245000000.0,,-5245000000.0,14037000000.0,,,26052000000.0,,983000000.0,6032000000.0,,,,17928000000.0,-711000000.0,259000000.0,-970000000.0,,1195000000.0,,,,,,,,,,4403000000.0,5273000000.0,,,,,582000000.0,,,,,,,,,,,,,,,,,,,,,,,2752000000.0,,0.0,3921000000.0,914000000.0,
EQNR,2020-12-31,0.6455120394271423,,,,8347000000.0,,,,,,,,,,,,,,,,8347000000.0,,,-4323000000.0,,,0.0,,,,,,,,,,,,,,,,,,,,,,,,,,,,,,,,,,1000000.0,,,,,,,,,,,,,,,,,,,,,2352000000.0,,,,,,,,,,,,,,,,,,,,,,,,,,,,,,,,,,,,,,,,,,,,,,,,,,,,,,,,,,,,,,,,,,,,,836000000.0,,,,,,,,,,,,,,,,,,,,,,,,,,,,,,,,,,,,,,,,,,,,,,,,,,,,,,,,,,,,,,,,,,,,,,,,,,,,-524000000.0,,2506000000.0,,,,,,,,,,,,,,,,,,,,,,,,1365000000.0,,,,,,,,,,,,,,,,,,,,,,,,,,,,,,,,,,,,,913000000.0,,,,,
NKT.CO,2022-12-31,0.2578137899373394,107100000.0,-2500000.0,-82500000.0,61700000.0,-191100000.0,258500000.0,200500000.0,-3700000.0,65400000.0,-36000000.0,-9000000.0,-7400000.0,,,-2500000.0,-2500000.0,-19200000.0,-19200000.0,-82500000.0,61700000.0,-204800000.0,,,-15700000.0,0.0,-15700000.0,-35000000.0,,-154100000.0,-156100000.0,298200000.0,-15300000.0,50100000.0,185100000.0,93100000.0,,-62000000.0,,,,,,,154600000.0,17485.0,46788961.0,46806446.0,,195800000.0,615400000.0,1302000000.0,46600000.0,615400000.0,37600000.0,1143800000.0,1292600000.0,1143800000.0,,1143800000.0,153600000.0,,805900000.0,115400000.0,115400000.0,1623600000.0,288500000.0,,54900000.0,180900000.0,32100000.0,148800000.0,11400000.0,1335100000.0,223700000.0,14900000.0,5500000.0,9400000.0,,22700000.0,360600000.0,,9600000.0,351000000.0,2767400000.0,1385700000.0,,11700000.0,800000.0,,,0.0,0.0,528400000.0,178000000.0,350400000.0,844800000.0,-638800000.0,1483600000.0,209500000.0,,856300000.0,,,417800000.0,1381700000.0,30700000.0,334900000.0,,107200000.0,381500000.0,3300000.0,208700000.0,-2700000.0,211400000.0,258500000.0,258500000.0,5268800.0,0.296,154100000.0,17800000.0,17800000.0,55100000.0,85400000.0,1409500000.0,171900000.0,86500000.0,-6000000.0,8200000.0,2200000.0,42568800.0,62400000.0,1783200000.0,46603337.0,46485118.0,1.1,1.2,53800000.0,53800000.0,8600000.0,62400000.0,-8600000.0,62400000.0,55100000.0,23200000.0,78300000.0,0.0,,,-6000000.0,,8200000.0,2200000.0,295800000.0,373700000.0,,85400000.0,22700000.0,62700000.0,,,669500000.0,1409500000.0,2079000000.0,2079000000.0,0.0,0.0,,,,2000000.0,,,100000.0,41300000.0,,,73200000.0,,,-226600000.0,,0.0,,,,-41600000.0,-71200000.0,,-34700000.0,,,,,,,,,,,,,,154500000.0,,258500000.0,,,-3700000.0,8000000.0,,,,225200000.0,,,,164100000.0,7300000.0,,,,,,,,,,,,,,,,,,,,,,,,,,,,,,,,,,,,,,,,,,,,,,,,,,,,,,,,,,,,,,,,,,,,,,,,,,,,0.0
NKT.CO,2021-12-31,0.24017743138798697,-4600000.0,0.0,-23300000.0,0.0,-213400000.0,200500000.0,239200000.0,0.0,-38700000.0,-36600000.0,,-8100000.0,,,0.0,0.0,-23300000.0,-23300000.0,-23300000.0,0.0,-211200000.0,,,2100000.0,2100000.0,0.0,-28900000.0,,-184400000.0,-184500000.0,208800000.0,-800000.0,43200000.0,50700000.0,99600000.0,,-40700000.0,,,,,,,118400000.0,,46806447.0,46806447.0,,213900000.0,538200000.0,1323600000.0,60300000.0,538200000.0,50200000.0,1159900000.0,1313800000.0,1159900000.0,,1159900000.0,152400000.0,,744600000.0,115400000.0,115400000.0,1393500000.0,330700000.0,,71800000.0,196400000.0,42500000.0,153900000.0,62500000.0,1062800000.0,170400000.0,17500000.0,7700000.0,9800000.0,,63300000.0,352300000.0,,10500000.0,341800000.0,2553400000.0,1430300000.0,,24900000.0,800000.0,800000.0,,,,621700000.0,217300000.0,404400000.0,782900000.0,-626400000.0,1409300000.0,192200000.0,,806500000.0,,,410600000.0,1123100000.0,49600000.0,287400000.0,,89800000.0,364200000.0,8800000.0,212600000.0,,,200500000.0,200500000.0,-1277300.0,0.241,126400000.0,-5300000.0,-5300000.0,11900000.0,94500000.0,1213100000.0,121100000.0,26600000.0,-6100000.0,10900000.0,4800000.0,15922700.0,4100000.0,1588200000.0,46931217.0,46931217.0,-0.091816,-0.091816,-4000000.0,-4000000.0,8100000.0,4100000.0,-8100000.0,4100000.0,11900000.0,3800000.0,15700000.0,,,,-6100000.0,,10900000.0,4800000.0,239700000.0,375100000.0,,94500000.0,25800000.0,68700000.0,,,614800000.0,1213100000.0,1827900000.0,1827900000.0,0.0,0.0,,,,100000.0,,,,62500000.0,,,69700000.0,,,-215800000.0,,,,,,-51200000.0,-69300000.0,,48400000.0,,,,,,,,,800000.0,,,,,127900000.0,,200500000.0,,,,300000.0,,,,61100000.0,,,,0.0,-7800000.0,,,,,,,,,,,,,,,,,,,,,,,,,,,,,,,,,,,,,,,,,,,,,,,,,,,,,,,,,,,,,,,,,,,,,,,,,,,,0.0
NKT.CO,2020-12-31,0.16371677023383602,,,-41300000.0,,,,,,,,,-8100000.0,,,,,,,-41300000.0,,,,,,0.0,,,,,,,,,,,,,,,,,,,,,,,,,,,,,,,,,,,,,,,,,,,,,,,,,,,,,,,,,,,,,,,,1000000.0,,,,,,,,,,,,,,,,,,,,,,,,,,,,,,,,,,,,,,,,,,,,,,,,,,,,,,,,,,,,,,,,,,,,,,,,,,,,,,,,,400000.0,,,100000.0,,,,,,,,,,,,,,,,,,,,,,,,,1000000.0,,,,,,,,,,,,,,,,,,,,,,,,,,,,,,,,,,,,,,,,,,,,,,,,,,,,,,,,,,,,,,,,,,,,,,,,,,,,,,,,,,,,,,,,,,,,,,,,
NSIS-B.CO,2022-12-31,0.08898629093010801,149780342.261691,-67105888.110076,-215007265.504685,287213201.111127,-387872033.276242,139714459.045179,129245940.500007,-805270.657321,11273789.202493,-167764720.275191,,,-204672958.735733,,-45095156.809971,-67105888.110076,98108808.416932,72205935.606442,-215007265.504685,287213201.111127,-358613866.060248,,,25500237.481829,,,-17447530.90862,-17447530.90862,-366666572.633458,-370424502.367622,537652375.537932,-122132716.360339,2415811.971963,-78245465.536349,71669088.501562,,-105624667.88526,-7381647.692108,195546557.952763,50866263.187438,144680294.765325,9394824.335411,0.0,494704607.147483,4401011.0,276598989.0,281000000.0,724206744.483945,919082243.555607,1226561422.875977,2721009551.087379,305734426.229508,1226561422.875977,55161040.026483,1857088347.558255,2342800765.698988,1909565152.060335,52476804.50208,1857088347.558255,,,1753074220.987637,75427018.235726,75427018.235726,1846082981.908202,911566384.087278,,221852066.091913,524365409.692137,38652991.551404,485712418.140733,15971201.370198,934516597.820924,21205460.642784,394716833.86347,16508048.475079,378208785.388391,2818447.300623,1342117.762202,482357123.735229,187762274.931994,43753039.04777,250841809.755466,3755648133.968537,2515397109.918105,,217825712.805308,,12347483.412254,12347483.412254,29929226.097094,29929226.097094,630526924.682278,361163889.808431,269363034.873847,1620472986.082126,-1848901429.208826,3469374415.290951,388677303.933563,386529915.51404,1659260189.40975,,,1034907006.433599,1240251024.050433,,510407384.965241,,250573386.203025,68582217.648498,47242545.229494,463567475.064408,-18252801.565941,481820276.630349,150451401.142791,139714459.045179,1145668.174127,0.025634,776012490.104924,44692521.481311,44692521.481311,493362489.385282,195546557.952763,1070473127.131939,820705011.586235,625158453.633472,-24560755.048288,13689601.174456,2415811.971963,449815636.078098,493362489.385282,1761529562.889506,278733918.0,276644153.0,1.770253,1.783675,493362489.385282,493362489.385282,0.0,493362489.385282,-1342117.762202,494704607.147483,494704607.147483,116764245.311533,611468852.459016,47779392.334374,-17850166.23728,-47779392.334374,-24560755.048288,13286965.845795,13689601.174456,2415811.971963,594289745.102837,691056435.757567,,,,,432564554.757553,127769610.961586,1285346180.860404,1070473127.131939,2355819307.992343,2355819307.992343,22010731.300105,22010731.300105,,,0.0,3757929.734164,116764245.311533,-36639814.908102,30063437.873314,,,,178904297.701464,10736942.097612,,39189838.656285,,,304794943.795967,,,-17581742.68484,-44289886.15265,17044895.579959,-3892141.510384,,-35834544.250781,,0.0,17313319.1324,,,,,,,,,80929701.060752,,,621266312.123088,268557764.216526,,,,,,,,,,0.0,,,,,,,,,,,,,,,,,,,,,,,,,,,,,,,,,25902872.81049,,,,,,,,,,,,,,,,,,,,,,,,,,,,,,,,,,,,,,,,,,,,
NSIS-B.CO,2021-12-31,-0.3362678119414232,379440051.760228,-201686774.500476,-172509421.12274,288277629.686013,-166727733.58706,129482909.229305,158794720.456708,7126266.03235,-36438077.259753,-213250149.571836,,,-197115207.611798,,-160139298.953378,-201686774.500476,157853515.509039,115768208.563273,-172509421.12274,288277629.686013,-369355713.035205,,,-219300752.806851,,-219300752.806851,-22723376.59372,-22723376.59372,-127331583.634634,-144004356.99334,546167785.347288,-84305071.741199,2420241.294006,-82288203.996194,69649166.127498,,-74758564.414843,4571566.888677,184745085.442436,45446753.187441,139298332.254995,9815423.02569,-7664097.431018,422869937.202664,4894362.0,277105638.0,282000000.0,143332067.745005,337623660.513796,914716751.284491,1863047964.985728,289084376.784015,914716751.284491,64808683.539486,1590232988.011418,1590232988.011418,1641192513.035205,50959525.023787,1590232988.011418,,,1519777074.785918,75834227.212179,75834227.212179,1688925049.666984,926145668.506185,,179770145.004757,48404825.880114,48404825.880114,,20572050.999049,762779381.160799,,289218834.633682,16403857.659372,272814976.97431,5916145.385347,2823614.843007,417760538.915319,152071827.973359,65346514.938154,200342196.003806,3330117562.702188,2278253804.757374,,220107499.904853,,4033735.49001,4033735.49001,3899277.640343,3899277.640343,675516236.726927,403911380.399619,271604856.327307,1369453198.85823,-1733968429.305423,3103421628.163654,117785076.308278,362498362.702188,1607846966.317793,,,1015291222.835395,1051863757.944814,,402297886.203616,,212443402.473834,75161937.963844,38454945.004757,396381740.818268,-20303135.299715,416684876.117983,139567247.954329,129482909.229305,881437.419749,0.026757,693130215.033302,32942173.168411,32942173.168411,423004395.052331,184745085.442436,850849272.692674,726072388.201713,541327302.759277,-13983616.365366,13714700.666032,2420241.294006,390943659.303669,423004395.052331,1487910564.414843,280228105.0,277919162.0,1.509962,1.522063,423004395.052331,423004395.052331,0.0,423004395.052331,134457.849667,422869937.202664,422869937.202664,104742664.89058,527612602.093245,24740244.338725,-16403857.659372,-8336386.679353,-13983616.365366,2689156.99334,13714700.666032,2420241.294006,522368745.956232,637061291.722169,,,,,375809689.81922,115499292.863939,1159430037.678402,850849272.692674,2010279310.371075,2010279310.371075,41547475.547098,41547475.547098,,,,16672773.358706,104742664.89058,-11966748.620362,73010612.369172,,,,131634234.823977,10084338.725024,,,,,260310396.955281,,,-6991808.182683,-77178805.708849,10487712.274025,-5378313.986679,,0.0,,,13176869.267364,,,,,,,,,58220248.905804,,,538772603.615604,270125819.980971,,,,,,,,,,0.0,,,,,,,,,,,,,,,,,,,,,,,,,,,,,,,,,42085306.945766,,,,,,,,,,,,,,,,,,,,,,,,,,,,,,,,,,,,,,,,,,,,
NSIS-B.CO,2020-12-31,0.5573155602264392,,-201574834.384545,,,,,,,,,,,,-1483000000.0,,-201574834.384545,,,,,,,,,,-79017335.078742,,,,,,,1343832.22923,,-35611554.074603,,24323363.349068,23517064.01153,170129160.220556,,170129160.220556,4165879.910614,-5644095.362767,,5674598.0,,,,,,,,,70148042.365822,,,,,,,,,,,,,,,,51871924.04829,3254000000.0,,,,,18276118.317532,,2015748.343845,12094490.063073,,145940180.094411,,,,,,,,,,,,,,,,-1536940920.570696,2828632459.306861,91649358.033507,317681938.990043,1480499966.943023,,,938801195.340289,,,,,173085591.124863,,,,-21904465.336454,364447300.567258,,,,,,,,,170129160.220556,,,,,8466143.044151,1343832.22923,,,,282023407.0,280427908.0,1.34652,1.353239,,,,,,,,,,,,,,4165879.910614,8466143.044151,1343832.22923,,,,,,,,,,,,,,,,,,,93396339.931506,1209449.006307,19619950.546762,,,,96755920.504582,,,,,,,,,,53081373.054597,7256694.037844,3762730.241845,,0.0,,,,,,,21000000.0,,,,,47437277.69183,,,,,,,,,,,,,,,,,,,,,,,,,,,,,,,,,,,,,,,,,,,,,,,-39374284.316448,,,,,,,,,,,,,,,,,,,,,,,,,,,,,,,,,,,,,,,,,,,,
KCC.OL,2022-12-31,0.4909304947441544,95645000.0,,-24049000.0,0.0,-10238000.0,64685000.0,51529000.0,,13156000.0,-82489000.0,,-15444000.0,-42421000.0,-42421000.0,0.0,,-24049000.0,-24049000.0,-24049000.0,0.0,-10238000.0,,,,,,,,-10238000.0,-10238000.0,105883000.0,,3030000.0,-12016000.0,,,,13591000.0,31344000.0,,31344000.0,207000.0,0.0,60869000.0,40078.0,52331922.0,52372000.0,255356000.0,320204000.0,297544000.0,617748000.0,2614000.0,297544000.0,0.0,297544000.0,524053000.0,297544000.0,,297544000.0,,147000.0,121087000.0,6235000.0,6235000.0,345362000.0,228975000.0,,,226509000.0,0.0,226509000.0,,116387000.0,,93695000.0,0.0,93695000.0,,,22443000.0,,193000.0,22250000.0,642906000.0,523905000.0,,,,,,,,,,,516072000.0,-226649000.0,742721000.0,,,742721000.0,,,,119001000.0,3437000.0,18898000.0,17254000.0,,13197000.0,,13629000.0,,,64848000.0,64848000.0,0.0,0.0,107408000.0,1407000.0,1407000.0,60869000.0,31344000.0,155558000.0,108815000.0,77471000.0,-15942000.0,16602000.0,2109000.0,59462000.0,60869000.0,185061000.0,52626290.0,52331922.0,1.16,1.16,60869000.0,60869000.0,0.0,60869000.0,,60869000.0,60869000.0,0.0,60869000.0,1175000.0,-1175000.0,,-15942000.0,1449000.0,16602000.0,2109000.0,75613000.0,29503000.0,21655000.0,,,,7569000.0,7569000.0,105116000.0,155558000.0,260674000.0,260674000.0,0.0,0.0,,,,0.0,188000.0,-232000.0,,,1000.0,,,,1449000.0,,,,4203000.0,,,,,,,,,153732000.0,2466000.0,,,,7762000.0,,,4923000.0,,69000.0,1644000.0,64438000.0,410000.0,,,,,,,,-16504000.0,,,,,,4488000.0,,,,,,,,,,,,,,,,,,,,,,,,,,,,,,,,,,,,,,,,,,,,,,,,,,,,,0.0,,0.0,,,,,,,,,,,,,,,,,,,,
KCC.OL,2021-12-31,0.37584870296911155,-73255000.0,0.0,-123041000.0,169000000.0,-119105000.0,51529000.0,65685000.0,-742000.0,-13413000.0,46254000.0,-1000.0,-14073000.0,-7204000.0,-7204000.0,24977000.0,0.0,45959000.0,45959000.0,-123041000.0,169000000.0,-105517000.0,,,,,,,,-105305000.0,-119105000.0,45850000.0,,74000.0,-6759000.0,,,,14983000.0,28666000.0,,28666000.0,726000.0,-6360000.0,22606000.0,40078.0,52331922.0,52372000.0,301575000.0,357064000.0,254417000.0,609855000.0,43104000.0,254417000.0,1626000.0,254417000.0,582615000.0,254417000.0,,254417000.0,,147000.0,102605000.0,6235000.0,6235000.0,375514000.0,331224000.0,,,329206000.0,1008000.0,328198000.0,,44290000.0,,27858000.0,618000.0,27240000.0,,,16432000.0,,233000.0,16199000.0,629931000.0,542535000.0,,,,,,,,,,,538416000.0,-199512000.0,737928000.0,,2973000.0,734955000.0,,,,87394000.0,2467000.0,12278000.0,10810000.0,,10613000.0,,7421000.0,,,53863000.0,53863000.0,1943.997169,0.00031,58945000.0,6278000.0,6278000.0,22600000.0,28666000.0,139089000.0,65223000.0,36557000.0,-14983000.0,13951000.0,74000.0,16323943.997169,22600000.0,167346000.0,48971728.0,48677360.0,0.46,0.46,22600000.0,22600000.0,0.0,22600000.0,,22600000.0,22600000.0,7000.0,22606000.0,6360000.0,-6360000.0,,-14983000.0,1106000.0,13951000.0,74000.0,30609000.0,28257000.0,21276000.0,,,,6713000.0,6713000.0,58866000.0,139089000.0,197955000.0,197955000.0,24977000.0,24977000.0,,,,13800000.0,221000.0,82000.0,2000.0,,1000.0,,,,1952000.0,1422000.0,,,3709000.0,,,,,,,,,153732000.0,2016000.0,,,,4048000.0,,,678000.0,,74000.0,1468000.0,53474000.0,389000.0,,,-1000.0,,-212000.0,,,-8797000.0,,,,,,2038000.0,,,,,,,,,,,,,,,,,,,,,,,,,,,,,,,,,,,,,,,,,,,,,,,,,,,,,,,,,,,,,,,,,,,,,,,,,,,
KCC.OL,2020-12-31,0.3911366451747069,,-147000.0,,,,,,0.0,,,-2000.0,,,,,-147000.0,,,,,,,,,,,,,,,,0.0,,,,,,,,,,,0.0,,,,,,,,,,,1732000.0,,,,,,,,,,,,,,,,1239000.0,,,,,,493000.0,,,,,,,,,,,,,,,,,,,,,,,,2510000.0,,,,,,4538000.0,,5075000.0,,,,,,,,,,,,,,,,,,,,,,,,,47443750.0,47443750.0,0.32,0.32,,,,,,,,,,,,,,,,,,,,,,,,,,,,,,,,,,0.0,,,-1000.0,,,,,,2001000.0,,,,3538000.0,,,,,,,,,,,,,,,,,,,70000.0,1084000.0,65323000.0,291000.0,,,1000.0,,,,,,,,167000.0,,,,,,,,,,,,,,,,,,,,,,,,,,,,,,,,,,,,,,,,,,,,,,,,,,,,,,,,,,,,,,,,,,,,,,,,,,,,,,
